3150 5259
1346 568 1482 652 [69]
1786 623 1793 631 .
2467 574 2547 635 19

490 756 730 822 Contra
790 761 976 844 vulqo
1037 757 1109 842 (i.
1158 782 1212 825 e.
1258 759 1440 843 ‘apud
1505 756 1827 845 plurimos'
1894 761 2001 825 uel
2047 760 2193 825 ‘fere
2256 757 2549 845 semper')

282 860 588 926 librorum
643 862 748 926 III
811 869 874 927 et
936 862 1032 926 IV
1091 864 1414 947 proprium
1479 869 1607 929 est:
1674 862 1776 927 ΙΙΙ
1823 866 1937 943 24,
1984 866 2024 927 2
2088 866 2249 929 sicut
2292 866 2548 949 vulqo

280 964 732 1048 quaerebatur,
786 988 870 1031 an
915 1017 927 1030 .
966 1015 980 1030 .
1013 966 1178 1049 1129,
1224 969 1264 1030 2
1309 968 1638 1051 stipulatio
1702 988 1859 1052 quae
1914 989 1949 1032 v
1968 990 2011 1031 u
2030 970 2159 1053 lqo
2204 968 2551 1053 Aquiliana

283 1068 645 1151 appellatur
689 1069 712 1151 ΙΙ
761 1070 856 1133 IV
919 1074 977 1153 9,
1030 1074 1058 1135 1
1113 1092 1238 1156 qua
1295 1073 1543 1156 vulqo
1600 1074 1720 1137 iter
1744 1073 1833 1155 fit
1863 1070 1887 1153 ΙΙ
1925 1074 2023 1154 12,
2078 1074 2118 1135 2
2180 1072 2347 1157 quod
2406 1077 2551 1135 ante

283 1174 522 1255 vulyo
582 1174 925 1240 dicebatur.
1030 1175 1234 1249 Quam
1307 1196 1530 1239 vocem
1593 1175 1656 1240 in
1728 1176 1953 1239 ceteris
2014 1175 2191 1239 libris
2260 1175 2548 1239 consulto

283 1276 591 1340 evitatam
638 1297 778 1342 esse
823 1277 974 1343 inde
1019 1278 1275 1344 videtur
1321 1279 1535 1362 colligi
1582 1299 1800 1365 posse,
1837 1279 2007 1363 quod
2048 1281 2114 1343 in
2160 1279 2316 1342 locis
2362 1300 2397 1341 e
2430 1278 2552 1342 Gai

283 1380 784 1446 institutionibus
833 1382 1243 1468 depromptis,
1291 1383 1399 1447 ubi
1439 1385 1627 1467 vulyo
1676 1384 1957 1463 extabat,
2004 1384 2067 1447 id
2101 1383 2401 1447 omissum
2433 1388 2549 1463 est,

281 1483 478 1547 veluti
521 1484 592 1548 II
641 1488 713 1567 9,
763 1489 801 1549 5
847 1486 959 1550 hoc
1004 1492 1092 1551 est
1153 1486 1318 1572 quod
1364 1486 1602 1550 dicitur
1650 1487 1796 1569 (Gai
1857 1489 1999 1551 inst.
2048 1487 2118 1551 II
2164 1489 2245 1551 95
2291 1486 2404 1550 hoc
2462 1492 2551 1550 est

278 1588 443 1671 quod
485 1590 619 1652 vul
631 1611 724 1673 qo
771 1590 1032 1670 dicitur)
1066 1593 1089 1671 ΙΙ
1124 1595 1180 1669 6,
1229 1594 1266 1655 3
1313 1591 1478 1676 quod
1520 1597 1727 1655 autem
1773 1592 2007 1656 dictum
2066 1598 2155 1655 est
2200 1590 2357 1669 (Gai
2400 1589 2547 1654 inst.

280 1691 348 1755 II
393 1695 473 1757 49
518 1694 683 1777 quod
726 1715 874 1779 erqo
919 1696 1164 1779 vulyo
1210 1693 1503 1777 dicitur).

488 1800 542 1860 7.
630 1798 810 1861 initio
873 1798 940 1879 (i.
991 1821 1045 1863 e.
1093 1799 1297 1884 primo
1345 1796 1665 1883 tempore)
1714 1804 1895 1862 extat
1946 1804 2009 1864 et
2051 1798 2122 1861 II
2174 1800 2287 1881 12,
2344 1818 2439 1883 pr.
2487 1808 2550 1861 et

278 1899 384 1965 III
433 1905 532 1980 19,
579 1904 648 1965 2:
705 1904 958 1967 initio
1004 1909 1250 1967 tantum
1292 1901 1711 1967 militantibus
1776 1902 1995 1967 datum
2040 1910 2129 1967 est
2175 1948 2189 1962 .
2228 1950 2243 1967 .
2275 1949 2292 1965 .
2330 1908 2548 1985 postea

279 2026 421 2069 vero
469 2054 482 2067 .
515 2053 530 2068 .
566 2006 812 2087 ‚illicet
853 2007 1112 2070 initio
1163 2056 1176 2071 .
1211 2055 1226 2070 .
1263 2056 1276 2070 .
1312 2055 1326 2070 .
1372 2008 1432 2069 si
1466 2013 1709 2089 postea.

484 2108 664 2172 Idem
721 2108 1092 2173 adverbium
1139 2110 1200 2171 in
1249 2110 1410 2173 libro
1458 2109 1529 2173 II
1575 2107 1679 2192 (II
1727 2113 1784 2190 9,
1831 2109 1896 2189 6)
1955 2130 2082 2194 qua
2125 2110 2194 2173 in
2237 2130 2307 2173 re
2348 2129 2548 2172 neces-

279 2214 529 2276 sarium
586 2219 694 2296 est,
739 2213 990 2277 initio
1036 2214 1110 2277 de
1155 2214 1539 2278 ordinandis
1588 2215 1965 2278 testamentis
2008 2216 2311 2297 eprnere
2354 2212 2546 2295 signi-

279 2316 428 2379 ficat
472 2312 692 2401 ‘priore
741 2317 1160 2400 expositionis
1210 2313 1366 2380 loco’
1412 2314 1786 2401 (postquam
1831 2318 1989 2381 haec
2034 2316 2325 2402 proxime
2368 2335 2547 2401 prae-

277 2425 638 2484 cesserunt:
683 2425 741 2482 et
780 2422 1024 2502 prius
1068 2427 1181 2485 est
1224 2428 1308 2484 ut
1354 2421 1428 2485 de
1471 2421 1571 2485 his
1602 2422 2029 2505 dispiciamus,
2075 2441 2233 2506 quae
2280 2470 2293 2485 .
2332 2470 2346 2485 .
2382 2470 2396 2485 .
2444 2419 2546 2483 ob-

277 2522 591 2605 veniunt),
637 2543 948 2607 nusquam
1010 2525 1074 2588 in
1134 2524 1308 2588 libris
1371 2524 1476 2588 III
1539 2532 1606 2590 et
1664 2524 1761 2589 IV
1809 2523 1948 2607 (cfr.
1996 2546 2049 2589 e.
2094 2546 2153 2608 g.
2199 2523 2305 2587 III
2354 2526 2465 2602 13,
2508 2524 2547 2587 2

274 2629 516 2712 prius
575 2634 687 2691 est
733 2635 816 2692 ut
860 2629 934 2692 de
977 2629 1098 2713 his,
1153 2649 1310 2713 quae
1354 2648 1428 2691 ex
1475 2636 1799 2693 contractu
1843 2636 2029 2710 sunt,
2084 2627 2547 2711 dispiciamus).

281 2731 463 2795 Haec
520 2751 771 2815 quoque
833 2732 1124 2797 conferas
1186 2734 1510 2817 exempla:
1584 2732 1653 2796 ΙΙ
1713 2734 1829 2813 22,
1888 2735 1927 2795 3
1986 2733 2237 2796 initio
2304 2733 2544 2815 quinta,

279 2835 500 2900 deinde
559 2843 794 2921 quarta
852 2836 1105 2905 detrahi
1160 2837 1346 2902 debet.
1437 2834 1542 2899 ΙΙΙ
1604 2839 1642 2899 9
1661 2882 1677 2915 ,
1736 2839 1775 2899 3
1836 2857 1977 2901 cum
2032 2836 2107 2901 de
2168 2836 2547 2900 testamentis

270 2940 512 3022 prius
556 2941 799 3005 locutus
843 2948 953 3023 est,
1001 2942 1088 3005 ad
1130 2942 1455 3005 intestatos
1502 2941 1846 3005 transitum
1871 2940 2043 3024 fecit
2073 2938 2098 3022 ΙΙ
2145 2942 2222 3003 16
2258 2960 2349 3024 pr.
2392 2958 2545 3003 nam

277 3045 335 3107 si
373 3044 616 3126 prius
663 3044 829 3109 Titio
873 3046 1298 3129 spoponderit,
1342 3045 1566 3109 deinde
1612 3094 1625 3108 .
1662 3094 1676 3109 .
1704 3094 1719 3109 .

487 3146 714 3230 Addo,
784 3149 1010 3233 quibus
1085 3149 1224 3213 aliis
1313 3148 1641 3234 particulis
1731 3148 1981 3233 singula
2056 3146 2545 3212 enumerationis

271 3251 563 3315 membra
606 3252 771 3315 inter
817 3274 883 3315 se
930 3258 1373 3317 conectantur:
1443 3250 1476 3313 I
1529 3255 1595 3333 1,
1643 3252 1682 3313 2
1723 3251 1933 3335 primo
1981 3298 1996 3315 .
2032 3301 2046 3315 .
2081 3297 2096 3314 .
2136 3255 2283 3333 post
2326 3248 2546 3312 deinde

282 3406 297 3421 .
333 3405 347 3421 .
382 3405 396 3420 .
431 3356 455 3436 ΙΙ
488 3357 586 3430 20,
636 3356 674 3417 3
708 3358 924 3440 primo
970 3403 985 3420 .
1020 3405 1034 3420 .
1068 3405 1083 3420 .
1133 3356 1354 3421 deinde
1384 3354 1408 3437 11
1443 3352 1508 3416 ΙΙ
1557 3357 1659 3436 22,
1694 3355 1731 3416 3
1781 3360 1925 3417 ante
1972 3403 1986 3417 .
2023 3403 2036 3418 .
2073 3403 2088 3418 .
2136 3358 2283 3417 tuuc
2326 3350 2546 3415 deinde

277 3457 428 3541 1122,
475 3462 513 3523 3
557 3466 705 3523 ante
748 3508 763 3523 .
799 3512 810 3525 .
844 3509 859 3524 .
907 3457 1172 3545 deinde„
1204 3459 1309 3523 III
1359 3464 1414 3540 1,
1464 3462 1542 3523 13
1609 3465 1752 3523 ante
1812 3505 1871 3523 ..
1906 3507 1921 3522 .
1980 3456 2203 3521 deinde
2250 3454 2274 3539 ΙΙ
2324 3454 2424 3519 IV
2484 3457 2545 3535 6,

281 3562 362 3625 33
409 3598 492 3607 —
627 3611 641 3625 .
702 3568 845 3645 post
890 3562 1128 3627 deinde.
1219 3561 1473 3626 Desunt
1533 3562 1727 3646 igitur
1788 3558 2126 3645 posteriori
2188 3558 2545 3624 Institutio·

279 3688 433 3730 num
477 3666 680 3750 parti:
719 3668 962 3749 primO,
1009 3667 1210 3749 initio,
1257 3672 1406 3731 tunc
1450 3666 1705 3747 deindez,
1748 3664 1977 3747 priori:
2014 3664 2223 3747 prius.

487 3772 546 3833 8.
638 3766 785 3833 Iam
832 3769 1200 3834 adverbium
1247 3770 1344 3835 bis
1389 3770 1625 3853 legitur
1654 3768 1719 3831 in
1749 3767 2069 3853 prioribus
2100 3766 2273 3830 libris
2318 3764 2383 3849 (Ι
2413 3770 2473 3848 5,
2505 3766 2546 3830 3

278 3873 304 3935 i
319 3893 437 3936 am
479 3894 553 3937 ex
596 3876 810 3938 multis
855 3874 1231 3959 temporibus
1285 3876 1356 3939 in
1405 3872 1867 3938 desuetudinem
1920 3871 2074 3935 abiit
2106 3870 2129 3953 ΙΙ
2160 3869 2230 3934 ΙΙ
2287 3873 2403 3953 25,
2448 3890 2544 3955 pr.

276 3984 416 4060 post
461 3997 619 4061 quae
647 3984 927 4061 tempora
973 4028 988 4043 .
1024 4027 1039 4042 .
1071 4025 1085 4040 .
1131 3980 1158 4043 i
1171 3999 1289 4043 am
1317 3978 1552 4042 nemini
1578 3976 1839 4041 dubium
1868 3980 2027 4056 erat,
2057 3972 2277 4059 φήῃ),
2325 3980 2547 4039 contra

279 4081 490 4145 sexies
535 4082 595 4144 in
628 4081 790 4146 libro
822 4082 947 4166 III,
995 4084 1328 4167 quinquies
1357 4083 1422 4146 in
1452 4081 1614 4146 libro
1648 4080 1767 4159 IV,
1796 4080 2017 4164 ibique
2046 4078 2301 4162 praeter
2347 4096 2543 4142 unum

277 4185 488 4248 locum
548 4182 684 4269 (III
729 4188 812 4250 23
856 4207 951 4270 pr.
999 4188 1126 4251 nisi
1167 4188 1328 4251 iam
1386 4205 1694 4250 arrarum
1754 4185 2000 4247 nomine
2058 4182 2304 4268 aliquid
2336 4182 2548 4265 fuerit

279 4287 530 4372 datum)
576 4290 668 4353 ita
713 4295 1078 4376 usurpatur,
1125 4297 1196 4356 ut
1241 4291 1540 4376 respiciat
1587 4309 1665 4354 ea
1711 4307 1875 4373 quae
1918 4287 1983 4351 in
2018 4284 2545 4351 antecedentibus

277 4392 691 4477 paragraphis
719 4395 954 4481 scripta
982 4397 1303 4479 leguntur,
1350 4394 1552 4460 veluti
1584 4390 1689 4457 111
1723 4394 1823 4474 19,
1861 4394 1937 4455 13
1985 4396 2055 4455 ut
2099 4391 2265 4457 iam
2307 4391 2546 4455 dictum

278 4504 386 4578 est,
430 4495 540 4563 cfr.
586 4497 690 4563 ΙΙΙ
738 4502 794 4579 1,
847 4502 955 4579 153
1002 4501 1062 4579 6,
1113 4502 1181 4563 11
1235 4496 1428 4583 (bis);
1474 4500 1577 4580 29,
1624 4497 1697 4577 4;
1742 4494 1842 4561 IV
1888 4498 1947 4574 6,
2000 4498 2112 4576 193
2160 4496 2219 4573 6,
2268 4496 2381 4572 393
2444 4497 2545 4576 11,

279 4603 356 4686 53
406 4601 506 4684 13,
551 4602 624 4684 23
672 4603 782 4682 17,
814 4604 874 4670 4.
963 4602 1214 4673 Eodem
1262 4600 1451 4670 modo
1497 4603 1561 4669 in
1607 4602 1745 4669 sola
1788 4600 2145 4688 posteriore
2193 4596 2545 4667 Institutio·-
