3150 5259
625 539 666 599 s
1706 535 1841 620 [58]

833 728 1015 801 Quae
1079 729 1183 792 via
1247 714 1667 811 ingredienda
1712 733 1913 807 esset,
1987 726 2300 791 Huschke
2360 727 2421 790 in
2482 723 2904 809 praefationis

625 829 858 912 pagina
889 829 1058 919 VIH
1090 830 1474 907 monstravit,
1507 850 1651 893 cum
1686 828 1924 892 diceret
1954 837 2182 914 sponte
2213 829 2502 912 intellegi
2546 828 2903 890 maxime

625 953 694 996 se
752 933 814 995 in
873 932 1082 996 animo
1142 932 1375 997 habere
1423 985 1437 998 .
1473 984 1486 997 .
1525 984 1538 998 .
1586 954 1744 1017 quae
1788 954 1914 997 non
1959 940 2205 997 tantum
2261 953 2337 997 ea>
2380 932 2540 995 Gaio
2597 932 2691 995 vel
2746 930 2902 993 aliis

627 1038 900 1122 antiquis
966 1038 1404 1102 iureconsultis
1472 1038 1793 1101 translata
1858 1044 2005 1100 sunt
2026 1038 2066 1116 1,
2143 1036 2283 1116 sed,
2345 1038 2494 1120 quia
2558 1036 2660 1099 ius
2726 1040 2904 1097 vetus

626 1141 971 1205 omolevorat
1036 1142 1127 1205 vel
1193 1161 1348 1204 novo
1417 1146 1717 1220 cesserat,
1782 1140 1858 1203 ab
1926 1142 2079 1224 ipsis
2141 1138 2645 1224 compositoribus
2711 1143 2903 1203 erant

622 1244 1008 1328 refinqenda.
1097 1243 1267 1308 Illud
1329 1244 1601 1307 maxime
1657 1243 2003 1307 rectissime
2050 1243 2365 1307 adiectum
2421 1243 2573 1305 mihi
2620 1240 2900 1304 videtur.

625 1344 791 1409 Nam
838 1348 894 1411 ei
940 1347 1081 1426 loci,
1130 1368 1289 1432 quos
1338 1348 1793 1432 compositores
1840 1370 1920 1411 ex
1984 1347 2246 1411 aliorum
2310 1343 2895 1411 iureconsultorum

623 1449 796 1512 libris
842 1452 1208 1530 hauserunt,
1256 1450 1510 1514 minime
1557 1450 1931 1535 neglegendi
1978 1458 2143 1527 sunt,
2190 1434 2498 1533 siquidem
2542 1470 2757 1533 saepe,
2801 1448 2900 1511 id-

629 1576 754 1638 que
803 1556 992 1618 etiam
1040 1563 1174 1617 tum
1223 1576 1366 1617 cum
1398 1556 1542 1618 talis
1576 1556 1939 1636 necessitaS,
1974 1553 2228 1639 qualem
2262 1552 2576 1617 Huschke
2624 1572 2899 1615 comme-

626 1667 864 1736 morat,
924 1678 1050 1720 non
1113 1664 1447 1741 urgueret,
1511 1658 1551 1721 i.
1602 1678 1653 1720 e.
1710 1677 1853 1721 cum
1900 1657 2075 1720 solus
2125 1677 2276 1720 usus
2338 1654 2583 1719 dicendi
2631 1654 2728 1717 vel
2776 1653 2902 1716 Grai

626 1760 729 1825 vel
775 1762 935 1824 alius
982 1761 1320 1825 cuiuslibet
1364 1761 1738 1844 antiquioris
1784 1761 2107 1845 scriptoris
2147 1780 2273 1823 non
2324 1766 2704 1842 congrueret
2750 1778 2899 1821 cum

631 1886 746 1947 ec,
818 1866 925 1949 qui
985 1865 1324 1929 Iustiniani
1392 1871 1607 1928 aetate
1674 1863 2230 1949 Constantinopoli
2294 1863 2579 1946 vigebat,
2644 1860 2901 1945 singula

627 1968 1096 2034 vocabula,vel
1141 1976 1387 2034 mutata
1435 1970 1537 2033 vel
1584 1970 1818 2033 omissa
1880 1968 1977 2032 vel
2041 1969 2224 2032 aliter
2271 1968 2479 2053 posita
2523 1972 2690 2030 sunt.
2780 1966 2901 2029 At-

627 2094 750 2157 que
799 2074 1204 2139 confirmatur
1253 2096 1400 2138 usus
1449 2073 1776 2157 loquendi,
1823 2072 2027 2157 qualis
2073 2072 2394 2151 invenitur
2452 2071 2513 2133 in
2568 2071 2725 2134 locis
2768 2088 2901 2132 non

628 2198 710 2241 ex
777 2178 1234 2263 antiquioribus
1301 2177 1582 2242 fontibus
1651 2176 1927 2259 haustis,
2000 2196 2194 2259 saepe
2268 2176 2342 2238 iis
2419 2174 2900 2254 mutationibuS,

629 2304 787 2367 quas
833 2283 956 2345 loci
1005 2302 1087 2345 ex
1132 2283 1254 2345 illis
1302 2282 1514 2345 hausti
1559 2281 1847 2365 perpessi
1892 2288 2059 2345 sunt.

835 2388 938 2451 Ab
1002 2385 1096 2449 his
1140 2386 1603 2450 mutatIOnibus
1667 2385 1718 2448 si
1777 2384 2147 2465 recesseriS,
2209 2384 2373 2447 inter
2419 2404 2527 2460 ea,
2588 2404 2752 2467 quae
2813 2382 2898 2446 ab

630 2492 767 2554 aliis
813 2492 1045 2574 scripta
1091 2490 1155 2552 in
1202 2489 1720 2552 Institutionibus
1764 2488 1976 2572 posita
2021 2492 2189 2566 sunt,
2241 2494 2303 2551 et
2366 2506 2462 2569 ea,
2510 2507 2671 2571 quae
2728 2506 2897 2549 com·

630 2596 946 2678 positores
994 2594 1333 2658 Iustiniani
1381 2593 1927 2677 conscripserunt,
1974 2591 2194 2656 sedulo
2246 2590 2728 2655 discernendum
2776 2597 2893 2653 est.

635 2700 823 2775 Quod
869 2702 920 2763 si
981 2698 1370 2782 neglexeris,
1432 2697 1617 2760 facile
1681 2698 1955 2761 orationi
2018 2696 2512 2779 compositorum
2575 2693 2897 2772 obtrudaS,

633 2825 794 2888 quae
859 2804 938 2867 ab
1013 2802 1088 2866 iis
1147 2822 1408 2886 prorsus
1471 2801 1679 2865 aliena
1744 2802 1887 2865 sint.
1996 2800 2216 2864 Veluti
2283 2800 2335 2863 si
2396 2799 2539 2879 quis
2598 2798 2897 2881 ignorans

629 2908 776 2972 libri
818 2907 852 2971 I
898 2907 1067 2971 tituli
1112 2906 1182 2970 II
1242 2905 1618 2990 principium
1682 2928 1766 2971 ex
1810 2904 2072 2989 Ulpiani
2119 2904 2277 2967 libro
2335 2903 2368 2966 I
2414 2902 2901 2966 Institutionum

633 3009 814 3094 (Dig.
859 3009 894 3072 I
945 3012 998 3089 1,
1051 3014 1104 3085 1,
1153 3006 1224 3091 3)
1292 3010 1561 3092 petitum
1633 3030 1796 3089 esse,
1865 3007 2013 3071 inde
2084 3006 2340 3089 colligat
2410 3006 2898 3089 compositorem

633 3115 1027 3199 anaphoram
1091 3113 1328 3198 (quae
1383 3115 1453 3176 in
1499 3114 1701 3195 caelo,
1748 3132 1943 3196 quae
1986 3114 2055 3175 in
2100 3118 2311 3193 terra,
2357 3130 2561 3195 quae
2618 3112 2687 3173 in
2730 3111 2899 3173 mari

632 3226 1003 3285 nascuntur.
1090 3217 1275 3282 hino
1323 3267 1338 3282 .
1373 3267 1388 3282 .
1424 3265 1438 3280 .
1498 3216 1687 3280 hinc
1754 3264 1767 3278 .
1806 3266 1820 3281 .
1860 3214 1921 3297 .]
1980 3217 2046 3278 in
2090 3214 2332 3279 deliciis
2380 3213 2710 3294 habuisse,
2756 3234 2897 3277 cum

838 3466 858 3500 ¹
897 3464 1072 3516 Multa
1110 3463 1271 3527 enim,
1298 3477 1440 3529 quae
1477 3460 1642 3513 hodie
1680 3462 1735 3511 in
1762 3460 2207 3514 Institutionibus
2233 3457 2553 3510 Iustinianis
2593 3464 2797 3521 extant,
2824 3455 2893 3507 ad

631 3552 860 3604 verbum
898 3566 1066 3618 usque
1096 3554 1405 3615 congruunt
1431 3564 1549 3599 cum
1577 3548 1643 3599 iis
1667 3546 1824 3600 libris
1862 3547 2197 3599 librorumve
2244 3544 2494 3611 partibus
2534 3538 2895 3611 antiquiorum

631 3638 1142 3699 iureconsultorum‚
1180 3637 1274 3703 qui
1311 3635 1463 3687 felici
1501 3650 1633 3687 casu
1670 3634 1740 3685 ad
1779 3639 1968 3686 nostra
2016 3647 2189 3699 usque
2228 3635 2473 3697 tempora
2509 3633 2894 3697 pervenerunt,

632 3724 800 3776 veluti
840 3723 1108 3789 permulta
1147 3738 1211 3773 ex
1237 3720 1339 3773 Gai
1365 3721 1815 3773 Institutionibus
1846 3719 2171 3785 deprompta
2208 3722 2263 3769 et
2302 3716 2371 3767 ad
2399 3717 2623 3769 verbum
2662 3716 2897 3781 repetita

545 3847 553 3856 =
631 3826 752 3863 esse
803 3810 856 3860 in
907 3808 1352 3860 Institutionibus
1404 3806 1695 3857 Iustiniani
1752 3812 1996 3870 constat3
2046 3820 2148 3855 nec
2186 3818 2343 3854 secus
2396 3804 2561 3855 multa
2598 3803 2653 3853 in
2690 3802 2775 3853 his
2812 3802 2899 3853 In-

632 3895 1008 3949 stitutionibus
1068 3896 1269 3961 passim
1331 3894 1680 3945 occurrentia
1742 3892 1880 3944 adeo
1940 3890 2291 3942 consentiunt
2380 3903 2501 3939 cum
2574 3885 2898 3953 fragmentis

635 3983 866 4035 aliorum
905 3980 1426 4043 iureconsultorum‚
1480 3995 1623 4045 quae
1673 3979 1729 4029 iu
1768 3976 2007 4043 Digestis
2056 3974 2344 4028 Iustiniani
2399 3980 2621 4025 servata
2659 3979 2805 4037 sunt,
2842 3976 2899 4023 ut

631 4070 748 4121 fieri
794 4084 903 4119 non
956 4068 1127 4132 possit
1180 4066 1310 4134 quin
1361 4066 1530 4117 verba
1582 4064 1991 4116 Institutionum
2029 4061 2461 4115 Iustinianarum
2512 4077 2578 4113 ex
2615 4060 2721 4111 illis
2760 4059 2897 4112 anti-

631 4156 912 4223 quioribus
951 4154 1105 4206 libris
1143 4154 1276 4219 ipsis
1317 4152 1642 4217 deprompta
1680 4152 1804 4202 sint.
1879 4152 2063 4218 Atque
2102 4150 2360 4218 quoniam
2412 4150 2467 4199 in
2506 4146 2749 4213 Digestis
2787 4162 2893 4197 non

630 4241 831 4309 integri
869 4240 1192 4306 optimorum
1221 4240 1432 4290 illorum
1459 4238 1947 4289 iureconsultorum
1975 4236 2102 4289 libri
2140 4236 2347 4286 servati
2383 4239 2509 4287 sunt
2549 4233 2644 4285 sed
2685 4236 2893 4284 tantum

632 4327 939 4393 particulae
977 4341 1179 4387 eorum,
1217 4339 1347 4376 sane
1387 4330 1814 4375 consentaneum
1848 4330 2063 4374 estnon
2093 4336 2269 4385 pauca
2296 4336 2363 4372 ex
2391 4321 2457 4372 iis
2485 4320 2897 4372 Institutionum

630 4413 926 4466 Iustiniani
966 4413 1165 4474 verbiS,
1205 4427 1344 4479 quae
1372 4411 1670 4475 DorotheO,
1697 4409 2022 4475 Theophi10‚
2050 4407 2387 4483 TribUOniano
2417 4406 2602 4458 deberi
2631 4404 2897 4466 videntur,

631 4514 692 4551 re
729 4514 862 4567 yera
901 4515 968 4550 ex
1019 4498 1306 4565 deperdito
1365 4498 1557 4567 optimi
1596 4495 1829 4549 alicuius
1880 4494 2238 4549 iureconsulti
2276 4493 2601 4566 antiquioris
2639 4492 2780 4544 libro
2814 4506 2898 4544 re·

638 4586 814 4661 petita
851 4601 984 4647 esse.
