3150 5259
1300 516 1438 601 [95]
2412 529 2492 591 45

987 841 1745 999 ΑΡΡΕΝΒΙΧ

1311 1074 1403 1145 ad

837 1218 871 1300 ξ
916 1220 954 1281 8
999 1217 1297 1301 [supra
1335 1240 1514 1305 paq.
1560 1220 1875 1301 23—29).

429 1355 531 1419 Ad
587 1378 697 1437 ea,
768 1378 932 1440 quae
994 1379 1186 1442 supra
1254 1360 1332 1421 de
1403 1360 1913 1423 coniunctionum
1984 1381 2101 1424 usu
2173 1364 2484 1446 congessi,

215 1459 710 1527 IOANNES
752 1460 1120 1526 KROMA
1148 1462 1381 1545 YER,
1443 1465 1550 1547 qui
1612 1463 1757 1526 Sex.
1804 1462 2140 1548 Pomponii
2202 1465 2486 1529 iurecon-

213 1565 371 1629 sulti
428 1585 613 1627 usum
672 1564 972 1649 loquendi
1027 1574 1325 1630 accurate
1386 1574 1823 1651 perscrutatus
1872 1575 2003 1648 est,
2069 1566 2227 1631 haee
2290 1568 2486 1631 adno-

213 1670 380 1733 tavit
427 1675 489 1732 et
538 1676 606 1731 ut
651 1668 887 1754 publici
932 1670 1085 1733 iuris
1127 1668 1399 1733 facerem
1445 1670 1763 1754 permisit:

525 1788 781 1870 „SEX-
829 1788 1470 1858 POMPONIUS
1513 1793 1895 1874 scripsit:

425 1909 538 1994 (ad
584 1911 618 1992 ξ
664 1914 723 1992 8,
771 1914 842 1985 2)
905 1912 1094 1975 donee
1151 1914 1391 1995 sexies3
1452 1920 1642 1997 atque
1704 1913 2037 1997 quinquies
2098 1913 2353 1995 quidem
2398 1939 2479 1969 =

303 2013 518 2101 ‘usque
579 2016 658 2078 ad
704 2015 763 2079 id
813 2022 1060 2099 tempus
1109 2014 1250 2101 quo'
1307 2016 1432 2097 (bis
1477 2019 1566 2080 ita
1614 2023 1684 2081 ut
1726 2036 1917 2101 usque
1961 2037 2028 2080 eo
2090 2016 2480 2100 praecedat),

303 2120 498 2185 semel
546 2140 695 2184 vero
751 2148 834 2171 =
891 2117 1019 2201 ‘per
1064 2120 1127 2183 id
1187 2129 1434 2206 tempus
1492 2122 1659 2205 quo';
1722 2121 1959 2205 ubique
2007 2121 2291 2205 sequitur
2335 2122 2483 2185 sub-

302 2224 620 2287 iunctivus
667 2204 910 2288 inodus,

423 2327 534 2405 (ad
581 2328 615 2408 ξ
662 2330 721 2409 8,
766 2325 838 2410 3)
883 2328 939 2390 si
981 2328 1161 2391 modo
1217 2327 1329 2407 bis,
1387 2330 1443 2391 si
1487 2336 1693 2392 tamen
1740 2329 2089 2413 quinquieS,
2149 2329 2475 2393 dummodo

299 2433 514 2508 semel,
562 2432 712 2495 dum
759 2438 965 2494 tamen
1010 2432 1226 2495 semel.

421 2534 528 2616 (ad
574 2535 608 2615 ξ
655 2536 714 2616 8,
762 2533 833 2615 4)
879 2535 1004 2597 nisi
1048 2533 1190 2622 (ubi
1236 2534 1497 2598 verbum
1544 2534 1790 2597 finitum
1836 2536 1916 2598 ab
1963 2555 2038 2598 eo
2072 2534 2337 2618 pendet)
2388 2536 2476 2598 vi-

299 2643 426 2706 oies
471 2649 589 2720 ter,
635 2641 762 2704 nisi
804 2641 860 2703 si
902 2639 1153 2723 septies,
1194 2646 1639 2723 praeterquam
1685 2641 1742 2702 si
1785 2642 2002 2703 semel.

417 2744 530 2829 (ad
578 2746 612 2826 ξ
658 2748 717 2827 8,
781 2747 848 2823 6)
896 2750 1094 2826 prout
1142 2749 1404 2828 quater3
1468 2764 1587 2807 nee
1647 2744 1949 2828 quomodo
2009 2765 2125 2809 neo
2183 2744 2471 2828 quemad-

296 2852 545 2914 modum
593 2851 760 2913 vices
809 2848 1097 2912 vocabuli
1139 2854 1334 2931 prout
1379 2853 1596 2930 agunt.

415 2952 527 3036 (ad
577 2952 611 3034 ξ
659 2955 716 3031 8,
767 2950 836 3029 7)
879 2953 1039 3014 sicut
1073 3002 1086 3015 .
1125 3002 1137 3015 .
1173 2999 1186 3013 .
1219 2951 1316 3013 ita
1361 2956 1608 3033 quater,
1654 2952 1816 3013 sieut
1849 3000 1862 3014 .
1900 3001 1914 3015 .
1951 3001 1965 3015 .
2001 2952 2091 3014 sie
2136 2970 2468 3033 nusquam,

293 3058 389 3121 ita
435 3105 449 3120 .
486 3103 498 3116 .
532 3106 546 3120 .
594 3063 777 3141 atque
821 3057 877 3118 si
922 3055 1137 3135 semel,
1201 3056 1290 3116 sie
1339 3104 1352 3117 .
1387 3102 1401 3116 .
1438 3104 1452 3117 .
1500 3053 1781 3137 atque'si
1824 3074 1903 3117 ne
1956 3055 2156 3119 semel
2201 3054 2471 3138 quidem,

294 3161 812 3245 quemadmodum
848 3209 861 3223 .
898 3210 911 3222 .
950 3209 962 3222 .
994 3160 1085 3222 ita
1132 3164 1370 3242 quater,
1418 3158 1934 3241 quemadmodum
1971 3210 1984 3223 .
2022 3209 2036 3223 .
2075 3210 2088 3223 .
2121 3161 2212 3221 sie
2256 3159 2469 3222 semel.

416 3265 525 3345 (ad
575 3264 609 3345 ξ
656 3267 714 3345 8,
762 3261 831 3346 9)
877 3282 1002 3325 uon
1046 3263 1246 3325 solum
1279 3310 1292 3324 .
1329 3312 1342 3325 .
1382 3310 1395 3324 .
1427 3261 1534 3324 sed
1579 3262 1764 3325 etiam
1810 3262 2158 3346 quinquies,
2203 3282 2327 3325 nou
2370 3281 2467 3324 so-

293 3372 420 3434 lum
471 3420 484 3433 .
520 3419 534 3434 .
572 3420 586 3433 .
631 3369 738 3432 sed
783 3373 838 3431 et
899 3366 1259 3450 quinquies,
1319 3385 1442 3428 non
1486 3366 1687 3429 solum
1733 3412 1745 3425 .
1781 3417 1795 3430 .
1830 3416 1844 3429 .
1891 3366 2001 3430 sed
2046 3415 2061 3429 .
2110 3416 2123 3430 .
2176 3417 2188 3430 .
2236 3385 2469 3451 quoque

292 3474 509 3553 semel,
553 3493 679 3536 non
725 3473 922 3535 solum
959 3521 971 3534 .
1010 3521 1023 3534 .
1062 3521 1074 3535 .
1116 3470 1224 3533 sed
1270 3469 1481 3551 semel,
1528 3491 1654 3533 non
1700 3477 1946 3533 tantum
1981 3520 1995 3535 .
2032 3521 2046 3535 .
2083 3522 2097 3535 .
2130 3471 2237 3534 sed
2282 3472 2467 3533 etiam

289 3578 406 3659 bis,
450 3599 576 3641 non
621 3584 860 3641 tautum
898 3626 911 3639 .
949 3627 962 3641 .
1001 3625 1014 3638 .
1047 3574 1154 3637 sed
1197 3580 1253 3637 et
1297 3574 1509 3641 semel,
1557 3594 1684 3637 non
1728 3576 1927 3638 solum
1964 3623 1976 3636 .
2012 3624 2025 3638 .
2063 3626 2077 3639 .
2108 3596 2322 3639 verum
2355 3626 2369 3639 .
2406 3620 2419 3635 .
2454 3623 2467 3637 .

289 3700 522 3766 quoque
566 3680 779 3762 semel,
823 3699 952 3743 nou
994 3678 1197 3743 solum
1230 3729 1244 3742 .
1282 3728 1296 3741 .
1333 3727 1347 3739 .
1379 3697 1592 3740 verum
1622 3679 1804 3741 etiam
1852 3698 1933 3741 ne
1964 3679 2159 3741 semel
2190 3680 2464 3763 quidem.

408 3782 515 3863 (ad
563 3782 598 3863 ξ
644 3785 704 3864 8,
754 3783 862 3863 11)
907 3802 1171 3867 namque
1217 3787 1332 3844 ter.

407 3886 514 3965 (ad
562 3885 596 3965 ξ
643 3886 702 3966 8,
754 3883 863 3968 12)
924 3891 1136 3969 utpote
1199 3886 1531 3969 quinquies
1592 3891 1703 3948 aut
1763 3906 1905 3947 cum
1961 3885 2295 3968 participio
2357 3891 2468 3948 aut

288 4009 428 4051 eum
477 3988 923 4051 coniunctione
969 4008 1108 4051 cum
1153 3988 1613 4052 consociatum.

405 4090 513 4173 (ad
559 4090 594 4172 ἕ
639 4092 698 4173 8,
751 4094 859 4165 14)
905 4112 982 4154 ue
1027 4142 1041 4156 .
1092 4139 1107 4155 .
1153 4140 1168 4155 .
1215 4092 1460 4177 quidem
1505 4090 1633 4171 bis,
1692 4111 1768 4154 ne
1824 4091 2072 4175 quidem
2130 4110 2462 4173 nusquam,

283 4214 395 4257 nee
442 4244 456 4259 .
494 4246 509 4259 .
545 4244 559 4259 .
605 4194 849 4280 quidem
896 4201 1138 4279 quater,
1185 4215 1260 4259 ae
1305 4215 1381 4258 ne
1430 4246 1443 4260 .
1482 4245 1495 4259 .
1532 4246 1546 4259 .
1594 4194 1840 4280 quidem
1883 4194 2137 4259 semel.“
