<?xml version="1.0" encoding="UTF-8"?>
<!DOCTYPE html PUBLIC "-//W3C//DTD XHTML 1.0 Transitional//EN"
    "http://www.w3.org/TR/xhtml1/DTD/xhtml1-transitional.dtd">
<html xmlns="http://www.w3.org/1999/xhtml" xml:lang="en" lang="en">
 <head>
  <title>
</title>
<meta http-equiv="Content-Type" content="text/html;charset=utf-8" />
  <meta name='ocr-system' content='tesseract 3.04.00' />
  <meta name='ocr-capabilities' content='ocr_page ocr_carea ocr_par ocr_line ocrx_word'/>
</head>
<body>
  <div class='ocr_page' id='page_1' title='image "./deiustinianiins00grupgoog_0042.png"; bbox 0 0 3150 5259; ppageno 0'>
   <div class='ocr_carea' id='block_1_1' title="bbox 645 510 1847 593">
    <p class='ocr_par' dir='ltr' id='par_1_1' title="bbox 645 510 1847 593">
     <span class='ocr_line' id='line_1_1' title="bbox 645 510 1847 593; baseline 0.001 -18"><span class='ocrx_word' id='word_1_1' title='bbox 645 513 728 575; x_wconf 79' lang='lat'>40</span> <span class='ocrx_word' id='word_1_2' title='bbox 1711 510 1847 593; x_wconf 85' lang='lat'>[90]</span> 
     </span>
    </p>
   </div>
   <div class='ocr_carea' id='block_1_2' title="bbox 640 700 2919 1303">
    <p class='ocr_par' dir='ltr' id='par_1_2' title="bbox 640 700 2919 1303">
     <span class='ocr_line' id='line_1_2' title="bbox 641 700 2919 785; baseline -0 -21"><span class='ocrx_word' id='word_1_3' title='bbox 641 702 799 765; x_wconf 89' lang='lat' dir='ltr'>liber</span> <span class='ocrx_word' id='word_1_4' title='bbox 845 700 950 764; x_wconf 90' lang='lat' dir='ltr'>III</span> <span class='ocrx_word' id='word_1_5' title='bbox 999 710 1503 785; x_wconf 80' lang='lat' dir='ltr'>componeretur,</span> <span class='ocrx_word' id='word_1_6' title='bbox 1566 701 1797 764; x_wconf 86' lang='lat' dir='ltr'>librum</span> <span class='ocrx_word' id='word_1_7' title='bbox 1840 700 1907 764; x_wconf 91' lang='lat' dir='ltr'>II</span> <span class='ocrx_word' id='word_1_8' title='bbox 1970 700 2249 765; x_wconf 87' lang='lat' dir='ltr'>nondum</span> <span class='ocrx_word' id='word_1_9' title='bbox 2298 700 2661 765; x_wconf 84' lang='lat' dir='ltr'>absolutum</span> <span class='ocrx_word' id='word_1_10' title='bbox 2706 700 2919 763; x_wconf 86' lang='lat' dir='ltr'>fuisse</span> 
     </span>
     <span class='ocr_line' id='line_1_3' title="bbox 642 804 2919 889; baseline -0.001 -21"><span class='ocrx_word' id='word_1_11' title='bbox 642 813 755 870; x_wconf 87' lang='lat' dir='ltr'>aut</span> <span class='ocrx_word' id='word_1_12' title='bbox 787 826 952 886; x_wconf 89' lang='lat' dir='ltr'>eum,</span> <span class='ocrx_word' id='word_1_13' title='bbox 986 807 1085 869; x_wconf 92' lang='lat' dir='ltr'>cui</span> <span class='ocrx_word' id='word_1_14' title='bbox 1118 805 1258 870; x_wconf 89' lang='lat' dir='ltr'>libri</span> <span class='ocrx_word' id='word_1_15' title='bbox 1292 805 1395 869; x_wconf 94' lang='lat' dir='ltr'>III</span> <span class='ocrx_word' id='word_1_16' title='bbox 1426 814 1488 869; x_wconf 91' lang='lat' dir='ltr'>et</span> <span class='ocrx_word' id='word_1_17' title='bbox 1520 804 1618 868; x_wconf 90' lang='lat' dir='ltr'>IV</span> <span class='ocrx_word' id='word_1_18' title='bbox 1648 806 1895 869; x_wconf 86' lang='lat' dir='ltr'>auctori</span> <span class='ocrx_word' id='word_1_19' title='bbox 1941 805 2267 881; x_wconf 78' lang='lat' dir='ltr'>debentur,</span> <span class='ocrx_word' id='word_1_20' title='bbox 2314 827 2443 869; x_wconf 90' lang='lat' dir='ltr'>non</span> <span class='ocrx_word' id='word_1_21' title='bbox 2473 804 2919 889; x_wconf 79' lang='lat' dir='ltr'>composuisse</span> 
     </span>
     <span class='ocr_line' id='line_1_4' title="bbox 640 907 2917 993; baseline -0.001 -22"><span class='ocrx_word' id='word_1_22' title='bbox 640 909 834 972; x_wconf 90' lang='lat' dir='ltr'>libros</span> <span class='ocrx_word' id='word_1_23' title='bbox 880 908 913 971; x_wconf 99' lang='grc' dir='ltr'>Ι</span> <span class='ocrx_word' id='word_1_24' title='bbox 945 916 1010 972; x_wconf 90' lang='lat' dir='ltr'>et</span> <span class='ocrx_word' id='word_1_25' title='bbox 1040 907 1126 973; x_wconf 92' lang='lat' dir='ltr'>II.</span> <span class='ocrx_word' id='word_1_26' title='bbox 1203 908 1277 971; x_wconf 91' lang='lat' dir='ltr'>In</span> <span class='ocrx_word' id='word_1_27' title='bbox 1323 909 1430 972; x_wconf 89' lang='lat' dir='ltr'>illa</span> <span class='ocrx_word' id='word_1_28' title='bbox 1479 915 1692 972; x_wconf 87' lang='lat' dir='ltr'>autem</span> <span class='ocrx_word' id='word_1_29' title='bbox 1739 929 1901 993; x_wconf 91' lang='lat' dir='ltr'>quae</span> <span class='ocrx_word' id='word_1_30' title='bbox 1941 907 2299 993; x_wconf 84' lang='lat' dir='ltr'>Theophilo</span> <span class='ocrx_word' id='word_1_31' title='bbox 2347 910 2539 992; x_wconf 85' lang='lat' dir='ltr'>vulgo</span> <span class='ocrx_word' id='word_1_32' title='bbox 2602 907 2917 971; x_wconf 79' lang='lat' dir='ltr'>tribuitur</span> 
     </span>
     <span class='ocr_line' id='line_1_5' title="bbox 641 1012 2913 1097; baseline -0.001 -22"><span class='ocrx_word' id='word_1_33' title='bbox 641 1012 1004 1097; x_wconf 85' lang='lat' dir='ltr'>paraphrasi</span> <span class='ocrx_word' id='word_1_34' title='bbox 1056 1034 1284 1096; x_wconf 87' lang='lat' dir='ltr'>graeca</span> <span class='ocrx_word' id='word_1_35' title='bbox 1329 1012 1615 1075; x_wconf 80' lang='lat' dir='ltr'>collectio</span> <span class='ocrx_word' id='word_1_36' title='bbox 1680 1032 1928 1092; x_wconf 89' lang='lat' dir='ltr'>eorum,</span> <span class='ocrx_word' id='word_1_37' title='bbox 1989 1033 2151 1095; x_wconf 86' lang='lat' dir='ltr'>quae</span> <span class='ocrx_word' id='word_1_38' title='bbox 2196 1014 2260 1075; x_wconf 90' lang='lat' dir='ltr'>in</span> <span class='ocrx_word' id='word_1_39' title='bbox 2306 1013 2591 1097; x_wconf 84' lang='lat' dir='ltr'>proxime</span> <span class='ocrx_word' id='word_1_40' title='bbox 2652 1018 2913 1074; x_wconf 88' lang='lat' dir='ltr'>antece-</span> 
     </span>
     <span class='ocr_line' id='line_1_6' title="bbox 641 1111 2913 1199; baseline -0 -22"><span class='ocrx_word' id='word_1_41' title='bbox 641 1116 828 1180; x_wconf 86' lang='lat' dir='ltr'>dente</span> <span class='ocrx_word' id='word_1_42' title='bbox 873 1116 1033 1179; x_wconf 90' lang='lat' dir='ltr'>libro</span> <span class='ocrx_word' id='word_1_43' title='bbox 1081 1115 1213 1195; x_wconf 83' lang='grc' dir='ltr'>(ΙΙ)</span> <span class='ocrx_word' id='word_1_44' title='bbox 1263 1118 1554 1199; x_wconf 86' lang='lat' dir='ltr'>exposita</span> <span class='ocrx_word' id='word_1_45' title='bbox 1600 1121 1774 1194; x_wconf 87' lang='lat' dir='ltr'>sunt,</span> <span class='ocrx_word' id='word_1_46' title='bbox 1839 1115 1998 1179; x_wconf 87' lang='lat' dir='ltr'>libro</span> <span class='ocrx_word' id='word_1_47' title='bbox 2048 1115 2150 1179; x_wconf 93' lang='lat' dir='ltr'>III</span> <span class='ocrx_word' id='word_1_48' title='bbox 2195 1117 2478 1199; x_wconf 87' lang='lat' dir='ltr'>praefixa</span> <span class='ocrx_word' id='word_1_49' title='bbox 2526 1124 2651 1179; x_wconf 87' lang='lat' dir='ltr'>est:</span> <span class='ocrx_word' id='word_1_50' title='bbox 2718 1111 2913 1177; x_wconf 67' lang='lat' dir='ltr'>Mero?</span> 
     </span>
     <span class='ocr_line' id='line_1_7' title="bbox 641 1216 2163 1303; baseline 0.001 -21"><span class='ocrx_word' id='word_1_51' title='bbox 641 1219 753 1300; x_wconf 73' lang='grc' dir='ltr'>τήν</span> <span class='ocrx_word' id='word_1_52' title='bbox 798 1217 1039 1283; x_wconf 75' lang='grc' dir='ltr'><em>ἔκθεσιν</em></span> <span class='ocrx_word' id='word_1_53' title='bbox 1085 1221 1204 1283; x_wconf 78' lang='grc' dir='ltr'>τῶν</span> <span class='ocrx_word' id='word_1_54' title='bbox 1249 1218 1375 1282; x_wconf 83' lang='grc' dir='ltr'><strong><em>κατ’</em></strong></span> <span class='ocrx_word' id='word_1_55' title='bbox 1421 1216 1581 1296; x_wconf 71' lang='grc' dir='ltr'><strong><em>εἶδος</em></strong></span> <span class='ocrx_word' id='word_1_56' title='bbox 1626 1218 1897 1303; x_wconf 80' lang='grc' dir='ltr'><em>κτήσεων</em></span> <span class='ocrx_word' id='word_1_57' title='bbox 1941 1246 1990 1281; x_wconf 86' lang='grc' dir='ltr'>κ.</span> <span class='ocrx_word' id='word_1_58' title='bbox 2026 1245 2076 1281; x_wconf 88' lang='grc' dir='ltr'>τ.</span> <span class='ocrx_word' id='word_1_59' title='bbox 2110 1225 2163 1284; x_wconf 85' lang='grc' dir='ltr'>λ.</span> 
     </span>
    </p>
   </div>
   <div class='ocr_carea' id='block_1_3' title="bbox 638 1348 2910 1951">
    <p class='ocr_par' dir='ltr' id='par_1_3' title="bbox 638 1348 2910 1951">
     <span class='ocr_line' id='line_1_8' title="bbox 847 1348 2910 1434; baseline -0.002 -22"><span class='ocrx_word' id='word_1_60' title='bbox 847 1352 904 1413; x_wconf 92' lang='grc'>4.</span> <span class='ocrx_word' id='word_1_61' title='bbox 971 1349 1274 1415; x_wconf 80' lang='lat' dir='ltr'>familiare</span> <span class='ocrx_word' id='word_1_62' title='bbox 1323 1372 1458 1415; x_wconf 87' lang='lat' dir='ltr'>esse</span> <span class='ocrx_word' id='word_1_63' title='bbox 1506 1350 1791 1433; x_wconf 82' lang='lat' dir='ltr'>scriptori</span> <span class='ocrx_word' id='word_1_64' title='bbox 1826 1349 2192 1434; x_wconf 86' lang='lat' dir='ltr'>posterioris</span> <span class='ocrx_word' id='word_1_65' title='bbox 2225 1348 2420 1431; x_wconf 85' lang='lat' dir='ltr'>partis</span> <span class='ocrx_word' id='word_1_66' title='bbox 2449 1348 2910 1431; x_wconf 88' lang='lat' dir='ltr'>imperatorum</span> 
     </span>
     <span class='ocr_line' id='line_1_9' title="bbox 638 1449 2909 1535; baseline -0.001 -20"><span class='ocrx_word' id='word_1_67' title='bbox 638 1452 894 1517; x_wconf 87' lang='lat' dir='ltr'>nomina</span> <span class='ocrx_word' id='word_1_68' title='bbox 957 1452 1017 1515; x_wconf 90' lang='lat' dir='ltr'>in</span> <span class='ocrx_word' id='word_1_69' title='bbox 1083 1454 1392 1517; x_wconf 88' lang='lat' dir='ltr'>adiectiva</span> <span class='ocrx_word' id='word_1_70' title='bbox 1455 1455 1729 1516; x_wconf 88' lang='lat' dir='ltr'>flectere.</span> <span class='ocrx_word' id='word_1_71' title='bbox 1820 1451 1928 1515; x_wconf 85' lang='lat' dir='ltr'>Eis</span> <span class='ocrx_word' id='word_1_72' title='bbox 1994 1453 2321 1535; x_wconf 77' lang='lat' dir='ltr'>exempliS,</span> <span class='ocrx_word' id='word_1_73' title='bbox 2382 1471 2545 1535; x_wconf 87' lang='lat' dir='ltr'>quae</span> <span class='ocrx_word' id='word_1_74' title='bbox 2594 1449 2909 1513; x_wconf 85' lang='lat' dir='ltr'>Huschke</span> 
     </span>
     <span class='ocr_line' id='line_1_10' title="bbox 639 1553 2904 1639; baseline -0.003 -19"><span class='ocrx_word' id='word_1_75' title='bbox 639 1557 921 1639; x_wconf 83' lang='lat' dir='ltr'>protulit,</span> <span class='ocrx_word' id='word_1_76' title='bbox 945 1577 1063 1639; x_wconf 85' lang='lat' dir='ltr'>ego</span> <span class='ocrx_word' id='word_1_77' title='bbox 1085 1556 1360 1639; x_wconf 86' lang='lat' dir='ltr'>adiungo</span> <span class='ocrx_word' id='word_1_78' title='bbox 1382 1555 1479 1620; x_wconf 92' lang='lat' dir='ltr'>IV</span> <span class='ocrx_word' id='word_1_79' title='bbox 1499 1562 1560 1638; x_wconf 88' lang='lat'>4,</span> <span class='ocrx_word' id='word_1_80' title='bbox 1594 1559 1667 1619; x_wconf 89' lang='grc'>10</span> <span class='ocrx_word' id='word_1_81' title='bbox 1690 1555 1785 1619; x_wconf 76' lang='lat' dir='ltr'>Ze</span> <span class='ocrx_word' id='word_1_82' title='bbox 1801 1578 1844 1619; x_wconf 81' lang='lat' dir='ltr'>u</span> <span class='ocrx_word' id='word_1_83' title='bbox 1860 1576 1893 1618; x_wconf 94' lang='lat' dir='ltr'>o</span> <span class='ocrx_word' id='word_1_84' title='bbox 1908 1577 1953 1618; x_wconf 80' lang='lat' dir='ltr'>u</span> <span class='ocrx_word' id='word_1_85' title='bbox 1968 1558 1991 1618; x_wconf 87' lang='lat' dir='ltr'>i</span> <span class='ocrx_word' id='word_1_86' title='bbox 2006 1576 2103 1619; x_wconf 81' lang='lat' dir='ltr'>an</span> <span class='ocrx_word' id='word_1_87' title='bbox 2123 1577 2163 1617; x_wconf 92' lang='lat' dir='ltr'>a</span> <span class='ocrx_word' id='word_1_88' title='bbox 2196 1555 2567 1619; x_wconf 78' lang='lat' dir='ltr'>constitutio.</span> <span class='ocrx_word' id='word_1_89' title='bbox 2602 1553 2904 1618; x_wconf 81' lang='lat' dir='ltr'>Ceterum</span> 
     </span>
     <span class='ocr_line' id='line_1_11' title="bbox 640 1657 2908 1745; baseline 0 -23"><span class='ocrx_word' id='word_1_90' title='bbox 640 1658 860 1722; x_wconf 83' lang='lat' dir='ltr'>eadem</span> <span class='ocrx_word' id='word_1_91' title='bbox 909 1659 1306 1723; x_wconf 87' lang='lat' dir='ltr'>consuetudo</span> <span class='ocrx_word' id='word_1_92' title='bbox 1352 1660 1628 1745; x_wconf 86' lang='lat' dir='ltr'>pertinet</span> <span class='ocrx_word' id='word_1_93' title='bbox 1660 1660 1849 1721; x_wconf 87' lang='lat' dir='ltr'>etiam</span> <span class='ocrx_word' id='word_1_94' title='bbox 1882 1658 1961 1721; x_wconf 86' lang='lat' dir='ltr'>ad</span> <span class='ocrx_word' id='word_1_95' title='bbox 1998 1658 2327 1722; x_wconf 89' lang='lat' dir='ltr'>consulum</span> <span class='ocrx_word' id='word_1_96' title='bbox 2360 1657 2637 1739; x_wconf 85' lang='lat' dir='ltr'>nomina,</span> <span class='ocrx_word' id='word_1_97' title='bbox 2672 1658 2908 1722; x_wconf 87' lang='lat' dir='ltr'>veluti:</span> 
     </span>
     <span class='ocr_line' id='line_1_12' title="bbox 639 1761 2907 1845; baseline -0 -20"><span class='ocrx_word' id='word_1_98' title='bbox 639 1763 744 1825; x_wconf 91' lang='lat' dir='ltr'>III</span> <span class='ocrx_word' id='word_1_99' title='bbox 792 1767 847 1843; x_wconf 84' lang='lat'>7,</span> <span class='ocrx_word' id='word_1_100' title='bbox 895 1768 933 1827; x_wconf 87' lang='lat'>4</span> <span class='ocrx_word' id='word_1_101' title='bbox 979 1765 1582 1828; x_wconf 75' lang='lat' dir='ltr'>senatusconsultum</span> <span class='ocrx_word' id='word_1_102' title='bbox 1628 1762 2149 1845; x_wconf 74' lang='lat' dir='ltr'>Laryiauum</span> <span class='ocrx_word' id='word_1_103' title='bbox 2196 1762 2329 1842; x_wconf 87' lang='lat' dir='ltr'>(cfr.</span> <span class='ocrx_word' id='word_1_104' title='bbox 2358 1762 2477 1824; x_wconf 84' lang='lat' dir='ltr'>Gai</span> <span class='ocrx_word' id='word_1_105' title='bbox 2510 1762 2647 1825; x_wconf 38' lang='lat' dir='ltr'>inst&gt;</span> <span class='ocrx_word' id='word_1_106' title='bbox 2680 1761 2786 1823; x_wconf 93' lang='lat' dir='ltr'>III</span> <span class='ocrx_word' id='word_1_107' title='bbox 2821 1764 2907 1824; x_wconf 88' lang='grc'>63</span> 
     </span>
     <span class='ocr_line' id='line_1_13' title="bbox 639 1864 2903 1951; baseline -0.001 -22"><span class='ocrx_word' id='word_1_108' title='bbox 639 1866 819 1950; x_wconf 88' lang='lat' dir='ltr'>Lupo</span> <span class='ocrx_word' id='word_1_109' title='bbox 865 1874 920 1930; x_wconf 82' lang='lat' dir='ltr'>et</span> <span class='ocrx_word' id='word_1_110' title='bbox 952 1867 1009 1930; x_wconf 94' lang='lat' dir='ltr'><em>L</em></span> <span class='ocrx_word' id='word_1_111' title='bbox 1029 1889 1124 1931; x_wconf 84' lang='lat' dir='ltr'>ar</span> <span class='ocrx_word' id='word_1_112' title='bbox 1143 1890 1185 1951; x_wconf 76' lang='lat'><em>9</em></span> <span class='ocrx_word' id='word_1_113' title='bbox 1205 1889 1239 1930; x_wconf 95' lang='lat' dir='ltr'>o</span> <span class='ocrx_word' id='word_1_114' title='bbox 1281 1888 1401 1932; x_wconf 84' lang='lat' dir='ltr'>cos.</span> <span class='ocrx_word' id='word_1_115' title='bbox 1433 1873 1691 1931; x_wconf 80' lang='lat' dir='ltr'>senatus</span> <span class='ocrx_word' id='word_1_116' title='bbox 1724 1864 1989 1947; x_wconf 81' lang='lat' dir='ltr'>censuit)</span> <span class='ocrx_word' id='word_1_117' title='bbox 2022 1864 2045 1947; x_wconf 90' lang='grc' dir='ltr'>ΙΙ</span> <span class='ocrx_word' id='word_1_118' title='bbox 2079 1868 2180 1946; x_wconf 90' lang='grc'>29,</span> <span class='ocrx_word' id='word_1_119' title='bbox 2221 1869 2257 1927; x_wconf 95' lang='grc'>2</span> <span class='ocrx_word' id='word_1_120' title='bbox 2304 1865 2631 1949; x_wconf 77' lang='lat' dir='ltr'>stipulatio</span> <span class='ocrx_word' id='word_1_121' title='bbox 2664 1866 2775 1948; x_wconf 82' lang='lat' dir='ltr'>Aq</span> <span class='ocrx_word' id='word_1_122' title='bbox 2796 1866 2903 1927; x_wconf 85' lang='lat' dir='ltr'>ui-</span> 
     </span>
    </p>
   </div>
   <div class='ocr_carea' id='block_1_4' title="bbox 639 1968 2897 2158">
    <p class='ocr_par' dir='ltr' id='par_1_4' title="bbox 639 1968 2897 2158">
     <span class='ocr_line' id='line_1_14' title="bbox 639 1968 2897 2055; baseline 0.001 -23"><span class='ocrx_word' id='word_1_123' title='bbox 639 1971 702 2032; x_wconf 91' lang='lat' dir='ltr'>li</span> <span class='ocrx_word' id='word_1_124' title='bbox 721 1990 884 2033; x_wconf 79' lang='lat' dir='ltr'>aua</span> <span class='ocrx_word' id='word_1_125' title='bbox 915 1968 1059 2053; x_wconf 88' lang='lat' dir='ltr'>(cfr.</span> <span class='ocrx_word' id='word_1_126' title='bbox 1083 1971 1231 2055; x_wconf 84' lang='lat' dir='ltr'>Dig.</span> <span class='ocrx_word' id='word_1_127' title='bbox 1258 1970 1628 2034; x_wconf 91' lang='lat' dir='ltr'>XXXXVI</span> <span class='ocrx_word' id='word_1_128' title='bbox 1660 1974 1718 2037; x_wconf 81' lang='lat'>4.</span> <span class='ocrx_word' id='word_1_129' title='bbox 1751 1971 1844 2045; x_wconf 87' lang='grc'>18,</span> <span class='ocrx_word' id='word_1_130' title='bbox 1879 1975 1897 2031; x_wconf 83' lang='lat'>1</span> <span class='ocrx_word' id='word_1_131' title='bbox 1936 1968 2399 2051; x_wconf 84' lang='lat' dir='ltr'>(Florentinus)</span> <span class='ocrx_word' id='word_1_132' title='bbox 2424 1969 2747 2051; x_wconf 71' lang='lat' dir='ltr'>stipulatio</span> <span class='ocrx_word' id='word_1_133' title='bbox 2778 2017 2793 2031; x_wconf 93' lang='lat'>.</span> <span class='ocrx_word' id='word_1_134' title='bbox 2833 2017 2848 2032; x_wconf 92' lang='lat'>.</span> <span class='ocrx_word' id='word_1_135' title='bbox 2884 2020 2897 2034; x_wconf 94' lang='lat'>.</span> 
     </span>
     <span class='ocr_line' id='line_1_15' title="bbox 641 2073 2009 2158; baseline 0.001 -23"><span class='ocrx_word' id='word_1_136' title='bbox 641 2094 680 2135; x_wconf 92' lang='lat' dir='ltr'>a</span> <span class='ocrx_word' id='word_1_137' title='bbox 726 2073 910 2138; x_wconf 80' lang='lat' dir='ltr'>Gallo</span> <span class='ocrx_word' id='word_1_138' title='bbox 961 2074 1299 2158; x_wconf 80' lang='lat' dir='ltr'>Aquilio</span> <span class='ocrx_word' id='word_1_139' title='bbox 1346 2078 1496 2140; x_wconf 81' lang='lat' dir='ltr'>talis</span> <span class='ocrx_word' id='word_1_140' title='bbox 1541 2076 1824 2157; x_wconf 78' lang='lat' dir='ltr'>exposita</span> <span class='ocrx_word' id='word_1_141' title='bbox 1871 2073 2009 2156; x_wconf 81' lang='lat' dir='ltr'>est).</span> 
     </span>
    </p>
   </div>
   <div class='ocr_carea' id='block_1_5' title="bbox 851 2202 2743 2289">
    <p class='ocr_par' dir='ltr' id='par_1_5' title="bbox 851 2202 2743 2289">
     <span class='ocr_line' id='line_1_16' title="bbox 851 2202 2743 2289; baseline -0.001 -22"><span class='ocrx_word' id='word_1_142' title='bbox 851 2203 986 2282; x_wconf 88' lang='lat' dir='ltr'>His,</span> <span class='ocrx_word' id='word_1_143' title='bbox 1036 2227 1198 2289; x_wconf 88' lang='lat' dir='ltr'>quae</span> <span class='ocrx_word' id='word_1_144' title='bbox 1245 2204 1556 2268; x_wconf 89' lang='lat' dir='ltr'>Huschke</span> <span class='ocrx_word' id='word_1_145' title='bbox 1586 2204 1907 2283; x_wconf 86' lang='lat' dir='ltr'>indicavit,</span> <span class='ocrx_word' id='word_1_146' title='bbox 1952 2205 2086 2287; x_wconf 88' lang='lat' dir='ltr'>ipse</span> <span class='ocrx_word' id='word_1_147' title='bbox 2133 2224 2292 2267; x_wconf 87' lang='lat' dir='ltr'>nova</span> <span class='ocrx_word' id='word_1_148' title='bbox 2338 2202 2505 2265; x_wconf 91' lang='lat' dir='ltr'>addo</span> <span class='ocrx_word' id='word_1_149' title='bbox 2554 2204 2743 2266; x_wconf 87' lang='lat' dir='ltr'>haec:</span> 
     </span>
    </p>
   </div>
   <div class='ocr_carea' id='block_1_6' title="bbox 639 2331 2900 2936">
    <p class='ocr_par' dir='ltr' id='par_1_6' title="bbox 639 2331 2900 2936">
     <span class='ocr_line' id='line_1_17' title="bbox 853 2331 2893 2418; baseline 0 -23"><span class='ocrx_word' id='word_1_150' title='bbox 853 2338 902 2397; x_wconf 90' lang='lat'>1.</span> <span class='ocrx_word' id='word_1_151' title='bbox 995 2333 1097 2396; x_wconf 93' lang='lat' dir='ltr'>Ad</span> <span class='ocrx_word' id='word_1_152' title='bbox 1131 2356 1227 2415; x_wconf 81' lang='lat' dir='ltr'>ea,</span> <span class='ocrx_word' id='word_1_153' title='bbox 1263 2356 1426 2418; x_wconf 87' lang='lat' dir='ltr'>quae</span> <span class='ocrx_word' id='word_1_154' title='bbox 1473 2334 1554 2398; x_wconf 94' lang='lat' dir='ltr'>de</span> <span class='ocrx_word' id='word_1_155' title='bbox 1586 2335 1724 2398; x_wconf 89' lang='lat' dir='ltr'>iure</span> <span class='ocrx_word' id='word_1_156' title='bbox 1760 2340 2184 2416; x_wconf 82' lang='lat' dir='ltr'>exponuntur,</span> <span class='ocrx_word' id='word_1_157' title='bbox 2216 2331 2592 2397; x_wconf 88' lang='lat' dir='ltr'>illustranda</span> <span class='ocrx_word' id='word_1_158' title='bbox 2621 2332 2685 2394; x_wconf 90' lang='lat' dir='ltr'>in</span> <span class='ocrx_word' id='word_1_159' title='bbox 2715 2332 2893 2395; x_wconf 90' lang='lat' dir='ltr'>libris</span> 
     </span>
     <span class='ocr_line' id='line_1_18' title="bbox 639 2434 2897 2523; baseline 0 -25"><span class='ocrx_word' id='word_1_160' title='bbox 639 2434 672 2498; x_wconf 96' lang='lat' dir='ltr'>I</span> <span class='ocrx_word' id='word_1_161' title='bbox 720 2441 780 2498; x_wconf 90' lang='lat' dir='ltr'>et</span> <span class='ocrx_word' id='word_1_162' title='bbox 828 2435 896 2499; x_wconf 94' lang='lat' dir='ltr'>II</span> <span class='ocrx_word' id='word_1_163' title='bbox 941 2440 1238 2522; x_wconf 83' lang='lat' dir='ltr'>exempla</span> <span class='ocrx_word' id='word_1_164' title='bbox 1302 2460 1379 2501; x_wconf 80' lang='lat' dir='ltr'>ex</span> <span class='ocrx_word' id='word_1_165' title='bbox 1446 2438 1707 2503; x_wconf 88' lang='lat' dir='ltr'>historia</span> <span class='ocrx_word' id='word_1_166' title='bbox 1772 2437 2145 2523; x_wconf 90' lang='lat' dir='ltr'>deprompta</span> <span class='ocrx_word' id='word_1_167' title='bbox 2206 2438 2493 2521; x_wconf 87' lang='lat' dir='ltr'>legimus.</span> <span class='ocrx_word' id='word_1_168' title='bbox 2580 2436 2685 2499; x_wconf 88' lang='lat' dir='ltr'>Ita</span> <span class='ocrx_word' id='word_1_169' title='bbox 2728 2457 2897 2499; x_wconf 91' lang='lat' dir='ltr'>com-</span> 
     </span>
     <span class='ocr_line' id='line_1_19' title="bbox 641 2539 2900 2625; baseline 0 -25"><span class='ocrx_word' id='word_1_170' title='bbox 641 2546 1070 2604; x_wconf 87' lang='lat' dir='ltr'>memorantur</span> <span class='ocrx_word' id='word_1_171' title='bbox 1115 2541 1536 2622; x_wconf 72' lang='lat' dir='ltr'>AthenienseS,</span> <span class='ocrx_word' id='word_1_172' title='bbox 1587 2542 1751 2625; x_wconf 83' lang='lat' dir='ltr'>Solo,</span> <span class='ocrx_word' id='word_1_173' title='bbox 1799 2540 2036 2617; x_wconf 80' lang='lat' dir='ltr'>Dra00‚</span> <span class='ocrx_word' id='word_1_174' title='bbox 2084 2541 2562 2605; x_wconf 81' lang='lat' dir='ltr'>Lacedaemonii</span> <span class='ocrx_word' id='word_1_175' title='bbox 2590 2539 2638 2601; x_wconf 94' lang='lat' dir='ltr'>·I</span> <span class='ocrx_word' id='word_1_176' title='bbox 2683 2542 2739 2616; x_wconf 85' lang='lat'>2,</span> <span class='ocrx_word' id='word_1_177' title='bbox 2764 2540 2803 2602; x_wconf 85' lang='lat'>2</span> <span class='ocrx_word' id='word_1_178' title='bbox 2839 2543 2900 2601; x_wconf 88' lang='lat' dir='ltr'>et</span> 
     </span>
     <span class='ocr_line' id='line_1_20' title="bbox 645 2640 2895 2727; baseline 0 -22"><span class='ocrx_word' id='word_1_179' title='bbox 645 2645 758 2724; x_wconf 77' lang='lat'>103</span> <span class='ocrx_word' id='word_1_180' title='bbox 807 2644 1158 2727; x_wconf 70' lang='lat' dir='ltr'>Auyustus,</span> <span class='ocrx_word' id='word_1_181' title='bbox 1207 2642 1510 2726; x_wconf 80' lang='lat' dir='ltr'>Tiberius,</span> <span class='ocrx_word' id='word_1_182' title='bbox 1559 2644 1994 2727; x_wconf 80' lang='lat' dir='ltr'>Germanicus,</span> <span class='ocrx_word' id='word_1_183' title='bbox 2042 2645 2149 2709; x_wconf 93' lang='lat' dir='ltr'>ubi</span> <span class='ocrx_word' id='word_1_184' title='bbox 2216 2644 2296 2709; x_wconf 90' lang='lat' dir='ltr'>de</span> <span class='ocrx_word' id='word_1_185' title='bbox 2358 2644 2702 2727; x_wconf 86' lang='lat' dir='ltr'>adoptione</span> <span class='ocrx_word' id='word_1_186' title='bbox 2762 2640 2895 2725; x_wconf 84' lang='lat' dir='ltr'>agi-</span> 
     </span>
     <span class='ocr_line' id='line_1_21' title="bbox 639 2744 2898 2833; baseline 0 -26"><span class='ocrx_word' id='word_1_187' title='bbox 639 2751 760 2823; x_wconf 89' lang='lat' dir='ltr'>tur,</span> <span class='ocrx_word' id='word_1_188' title='bbox 811 2744 844 2808; x_wconf 96' lang='lat' dir='ltr'>I</span> <span class='ocrx_word' id='word_1_189' title='bbox 896 2749 992 2828; x_wconf 89' lang='lat'>11,</span> <span class='ocrx_word' id='word_1_190' title='bbox 1037 2750 1144 2827; x_wconf 82' lang='lat'>113</span> <span class='ocrx_word' id='word_1_191' title='bbox 1193 2745 1480 2812; x_wconf 80' lang='lat' dir='ltr'>Tiberius</span> <span class='ocrx_word' id='word_1_192' title='bbox 1535 2747 1773 2813; x_wconf 78' lang='lat' dir='ltr'>Caesar</span> <span class='ocrx_word' id='word_1_193' title='bbox 1820 2750 2081 2833; x_wconf 88' lang='lat' dir='ltr'>eiusque</span> <span class='ocrx_word' id='word_1_194' title='bbox 2129 2768 2351 2812; x_wconf 89' lang='lat' dir='ltr'>servus</span> <span class='ocrx_word' id='word_1_195' title='bbox 2398 2746 2783 2810; x_wconf 80' lang='lat' dir='ltr'>Parthenius</span> <span class='ocrx_word' id='word_1_196' title='bbox 2828 2744 2898 2807; x_wconf 94' lang='lat' dir='ltr'>II</span> 
     </span>
     <span class='ocr_line' id='line_1_22' title="bbox 645 2849 2445 2936; baseline 0.002 -27"><span class='ocrx_word' id='word_1_197' title='bbox 645 2850 742 2930; x_wconf 88' lang='lat'>15,</span> <span class='ocrx_word' id='word_1_198' title='bbox 789 2853 850 2914; x_wconf 91' lang='lat'>4.</span> <span class='ocrx_word' id='word_1_199' title='bbox 939 2850 1017 2913; x_wconf 92' lang='lat' dir='ltr'>In</span> <span class='ocrx_word' id='word_1_200' title='bbox 1061 2849 1234 2913; x_wconf 90' lang='lat' dir='ltr'>libris</span> <span class='ocrx_word' id='word_1_201' title='bbox 1279 2850 1382 2915; x_wconf 93' lang='lat' dir='ltr'>III</span> <span class='ocrx_word' id='word_1_202' title='bbox 1429 2859 1492 2916; x_wconf 90' lang='lat' dir='ltr'>et</span> <span class='ocrx_word' id='word_1_203' title='bbox 1535 2850 1634 2915; x_wconf 92' lang='lat' dir='ltr'>IV</span> <span class='ocrx_word' id='word_1_204' title='bbox 1677 2852 1911 2915; x_wconf 84' lang='lat' dir='ltr'>frustra</span> <span class='ocrx_word' id='word_1_205' title='bbox 1958 2852 2107 2916; x_wconf 87' lang='lat' dir='ltr'>talia</span> <span class='ocrx_word' id='word_1_206' title='bbox 2152 2872 2445 2936; x_wconf 85' lang='lat' dir='ltr'>quaeras.</span> 
     </span>
    </p>
   </div>
   <div class='ocr_carea' id='block_1_7' title="bbox 634 2961 2897 4629">
    <p class='ocr_par' dir='ltr' id='par_1_7' title="bbox 635 2961 2897 3785">
     <span class='ocr_line' id='line_1_23' title="bbox 655 2961 2891 3065; baseline 0 -25"><span class='ocrx_word' id='word_1_207' title='bbox 655 3058 658 3061; x_wconf 79' lang='lat'>.</span> <span class='ocrx_word' id='word_1_208' title='bbox 843 2980 902 3044; x_wconf 83' lang='lat'>2.</span> <span class='ocrx_word' id='word_1_209' title='bbox 972 2978 1106 3043; x_wconf 90' lang='lat' dir='ltr'>Nec</span> <span class='ocrx_word' id='word_1_210' title='bbox 1153 2978 1536 3045; x_wconf 84' lang='lat' dir='ltr'>dissimiliter</span> <span class='ocrx_word' id='word_1_211' title='bbox 1579 2981 1642 3044; x_wconf 91' lang='lat' dir='ltr'>in</span> <span class='ocrx_word' id='word_1_212' title='bbox 1680 2982 1990 3065; x_wconf 85' lang='lat' dir='ltr'>prioribus</span> <span class='ocrx_word' id='word_1_213' title='bbox 2036 2981 2209 3044; x_wconf 88' lang='lat' dir='ltr'>libris</span> <span class='ocrx_word' id='word_1_214' title='bbox 2247 2961 2506 3064; x_wconf 40' lang='lat' dir='ltr'>&#39;saepius</span> <span class='ocrx_word' id='word_1_215' title='bbox 2540 2985 2891 3063; x_wconf 86' lang='lat' dir='ltr'>poetarum,</span> 
     </span>
     <span class='ocr_line' id='line_1_24' title="bbox 639 3081 2895 3167; baseline 0 -22"><span class='ocrx_word' id='word_1_216' title='bbox 639 3082 1037 3167; x_wconf 84' lang='lat' dir='ltr'>scriptorum,</span> <span class='ocrx_word' id='word_1_217' title='bbox 1084 3082 1396 3166; x_wconf 85' lang='lat' dir='ltr'>pictorum</span> <span class='ocrx_word' id='word_1_218' title='bbox 1441 3084 1700 3147; x_wconf 88' lang='lat' dir='ltr'>nomina</span> <span class='ocrx_word' id='word_1_219' title='bbox 1745 3084 2048 3147; x_wconf 87' lang='lat' dir='ltr'>citantur:</span> <span class='ocrx_word' id='word_1_220' title='bbox 2096 3082 2365 3147; x_wconf 80' lang='lat' dir='ltr'>Homeri</span> <span class='ocrx_word' id='word_1_221' title='bbox 2408 3084 2439 3146; x_wconf 95' lang='lat' dir='ltr'>I</span> <span class='ocrx_word' id='word_1_222' title='bbox 2487 3085 2543 3159; x_wconf 83' lang='lat'>2,</span> <span class='ocrx_word' id='word_1_223' title='bbox 2592 3086 2667 3164; x_wconf 83' lang='grc'>2;</span> <span class='ocrx_word' id='word_1_224' title='bbox 2724 3081 2791 3145; x_wconf 88' lang='lat' dir='ltr'>H</span> <span class='ocrx_word' id='word_1_225' title='bbox 2839 3085 2895 3163; x_wconf 84' lang='lat'>7,</span> 
     </span>
     <span class='ocr_line' id='line_1_25' title="bbox 645 3184 2896 3269; baseline 0.001 -24"><span class='ocrx_word' id='word_1_226' title='bbox 645 3190 662 3245; x_wconf 87' lang='lat' dir='ltr'>l</span> <span class='ocrx_word' id='word_1_227' title='bbox 709 3184 732 3267; x_wconf 79' lang='grc' dir='ltr'>Η</span> <span class='ocrx_word' id='word_1_228' title='bbox 775 3184 1042 3269; x_wconf 74' lang='lat' dir='ltr'>Verqilii</span> <span class='ocrx_word' id='word_1_229' title='bbox 1101 3185 1134 3248; x_wconf 93' lang='grc' dir='ltr'>Ι</span> <span class='ocrx_word' id='word_1_230' title='bbox 1179 3188 1250 3263; x_wconf 88' lang='grc'>2,</span> <span class='ocrx_word' id='word_1_231' title='bbox 1299 3190 1333 3249; x_wconf 92' lang='grc'>2</span> <span class='ocrx_word' id='word_1_232' title='bbox 1369 3184 1392 3267; x_wconf 80' lang='grc' dir='ltr'>Η</span> <span class='ocrx_word' id='word_1_233' title='bbox 1427 3184 1683 3250; x_wconf 76' lang='lat' dir='ltr'>Catonis</span> <span class='ocrx_word' id='word_1_234' title='bbox 1728 3186 1761 3250; x_wconf 95' lang='lat' dir='ltr'>I</span> <span class='ocrx_word' id='word_1_235' title='bbox 1810 3188 1908 3266; x_wconf 86' lang='lat'>11,</span> <span class='ocrx_word' id='word_1_236' title='bbox 1961 3189 2036 3248; x_wconf 84' lang='lat'>12</span> <span class='ocrx_word' id='word_1_237' title='bbox 2070 3186 2094 3268; x_wconf 78' lang='grc' dir='ltr'>Η</span> <span class='ocrx_word' id='word_1_238' title='bbox 2127 3187 2367 3269; x_wconf 80' lang='lat' dir='ltr'>Apellis</span> <span class='ocrx_word' id='word_1_239' title='bbox 2432 3192 2495 3249; x_wconf 88' lang='lat' dir='ltr'>et</span> <span class='ocrx_word' id='word_1_240' title='bbox 2553 3184 2896 3248; x_wconf 79' lang='lat' dir='ltr'>Parrhasii</span> 
     </span>
     <span class='ocr_line' id='line_1_26' title="bbox 635 3289 2897 3374; baseline 0 -23"><span class='ocrx_word' id='word_1_241' title='bbox 635 3289 707 3351; x_wconf 94' lang='lat' dir='ltr'>II</span> <span class='ocrx_word' id='word_1_242' title='bbox 758 3295 810 3369; x_wconf 90' lang='lat'>1,</span> <span class='ocrx_word' id='word_1_243' title='bbox 861 3292 958 3353; x_wconf 89' lang='lat'>34.</span> <span class='ocrx_word' id='word_1_244' title='bbox 1047 3289 1122 3353; x_wconf 92' lang='lat' dir='ltr'>In</span> <span class='ocrx_word' id='word_1_245' title='bbox 1186 3290 1645 3373; x_wconf 85' lang='lat' dir='ltr'>posterioribus</span> <span class='ocrx_word' id='word_1_246' title='bbox 1704 3289 1881 3353; x_wconf 88' lang='lat' dir='ltr'>libris</span> <span class='ocrx_word' id='word_1_247' title='bbox 1944 3290 2037 3353; x_wconf 90' lang='lat' dir='ltr'>bis</span> <span class='ocrx_word' id='word_1_248' title='bbox 2098 3289 2435 3370; x_wconf 82' lang='lat' dir='ltr'>Homerus,</span> <span class='ocrx_word' id='word_1_249' title='bbox 2501 3289 2605 3352; x_wconf 88' lang='lat' dir='ltr'>alii</span> <span class='ocrx_word' id='word_1_250' title='bbox 2670 3296 2897 3374; x_wconf 84' lang='lat' dir='ltr'>poetae</span> 
     </span>
     <span class='ocr_line' id='line_1_27' title="bbox 635 3384 2893 3477; baseline -0 -22"><span class='ocrx_word' id='word_1_251' title='bbox 635 3412 946 3476; x_wconf 88' lang='lat' dir='ltr'>nusquam</span> <span class='ocrx_word' id='word_1_252' title='bbox 979 3402 1583 3473; x_wconf 82' lang='lat' dir='ltr'>commemorantur3</span> <span class='ocrx_word' id='word_1_253' title='bbox 1614 3414 1689 3457; x_wconf 89' lang='lat' dir='ltr'>ac</span> <span class='ocrx_word' id='word_1_254' title='bbox 1711 3414 1791 3457; x_wconf 87' lang='lat' dir='ltr'>ne</span> <span class='ocrx_word' id='word_1_255' title='bbox 1813 3394 1920 3459; x_wconf 91' lang='lat' dir='ltr'>ille</span> <span class='ocrx_word' id='word_1_256' title='bbox 1962 3394 2211 3477; x_wconf 89' lang='lat' dir='ltr'>quidem</span> <span class='ocrx_word' id='word_1_257' title='bbox 2238 3394 2360 3457; x_wconf 89' lang='lat' dir='ltr'>alia</span> <span class='ocrx_word' id='word_1_258' title='bbox 2386 3393 2464 3456; x_wconf 89' lang='lat' dir='ltr'>de</span> <span class='ocrx_word' id='word_1_259' title='bbox 2489 3413 2680 3456; x_wconf 87' lang='lat' dir='ltr'>causa</span> <span class='ocrx_word' id='word_1_260' title='bbox 2710 3384 2893 3476; x_wconf 84' lang='lat' dir='ltr'>quam</span> 
     </span>
     <span class='ocr_line' id='line_1_28' title="bbox 637 3495 2893 3581; baseline 0 -23"><span class='ocrx_word' id='word_1_261' title='bbox 637 3495 806 3581; x_wconf 90' lang='lat' dir='ltr'>quod</span> <span class='ocrx_word' id='word_1_262' title='bbox 851 3497 919 3559; x_wconf 91' lang='lat' dir='ltr'>in</span> <span class='ocrx_word' id='word_1_263' title='bbox 961 3498 1338 3580; x_wconf 88' lang='lat' dir='ltr'>scriptorum</span> <span class='ocrx_word' id='word_1_264' title='bbox 1384 3498 1553 3576; x_wconf 89' lang='lat' dir='ltr'>locis,</span> <span class='ocrx_word' id='word_1_265' title='bbox 1602 3518 1759 3581; x_wconf 91' lang='lat' dir='ltr'>quos</span> <span class='ocrx_word' id='word_1_266' title='bbox 1806 3500 2192 3581; x_wconf 89' lang='lat' dir='ltr'>compositor</span> <span class='ocrx_word' id='word_1_267' title='bbox 2238 3498 2607 3581; x_wconf 79' lang='lat' dir='ltr'>exscripsit,</span> <span class='ocrx_word' id='word_1_268' title='bbox 2672 3497 2893 3561; x_wconf 88' lang='lat' dir='ltr'>citatus</span> 
     </span>
     <span class='ocr_line' id='line_1_29' title="bbox 640 3598 2892 3684; baseline 0 -23"><span class='ocrx_word' id='word_1_269' title='bbox 640 3604 804 3663; x_wconf 87' lang='lat' dir='ltr'>erat:</span> <span class='ocrx_word' id='word_1_270' title='bbox 851 3600 955 3663; x_wconf 92' lang='lat' dir='ltr'>III</span> <span class='ocrx_word' id='word_1_271' title='bbox 1002 3600 1102 3673; x_wconf 83' lang='lat'>23,</span> <span class='ocrx_word' id='word_1_272' title='bbox 1137 3602 1176 3663; x_wconf 93' lang='grc'>2</span> <span class='ocrx_word' id='word_1_273' title='bbox 1221 3630 1304 3653; x_wconf 82' lang='lat'>=</span> <span class='ocrx_word' id='word_1_274' title='bbox 1351 3600 1470 3664; x_wconf 87' lang='lat' dir='ltr'>Gai</span> <span class='ocrx_word' id='word_1_275' title='bbox 1517 3602 1659 3665; x_wconf 90' lang='lat' dir='ltr'>inst.</span> <span class='ocrx_word' id='word_1_276' title='bbox 1691 3602 1794 3666; x_wconf 93' lang='lat' dir='ltr'>III</span> <span class='ocrx_word' id='word_1_277' title='bbox 1832 3605 1982 3683; x_wconf 81' lang='lat'>1413</span> <span class='ocrx_word' id='word_1_278' title='bbox 2028 3600 2125 3665; x_wconf 91' lang='lat' dir='ltr'>IV</span> <span class='ocrx_word' id='word_1_279' title='bbox 2158 3603 2270 3681; x_wconf 85' lang='lat'>3‚1</span> <span class='ocrx_word' id='word_1_280' title='bbox 2326 3628 2401 3654; x_wconf 89' lang='lat'>==</span> <span class='ocrx_word' id='word_1_281' title='bbox 2451 3600 2596 3684; x_wconf 87' lang='lat' dir='ltr'>Dig.</span> <span class='ocrx_word' id='word_1_282' title='bbox 2628 3598 2892 3663; x_wconf 88' lang='lat' dir='ltr'>XXXII</span> 
     </span>
     <span class='ocr_line' id='line_1_30' title="bbox 639 3701 1947 3785; baseline 0.002 -21"><span class='ocrx_word' id='word_1_283' title='bbox 639 3705 740 3781; x_wconf 84' lang='lat'>65,</span> <span class='ocrx_word' id='word_1_284' title='bbox 785 3708 822 3765; x_wconf 94' lang='lat'>4</span> <span class='ocrx_word' id='word_1_285' title='bbox 871 3701 984 3785; x_wconf 80' lang='lat' dir='ltr'>(ex</span> <span class='ocrx_word' id='word_1_286' title='bbox 1030 3703 1337 3768; x_wconf 86' lang='lat' dir='ltr'>Marciani</span> <span class='ocrx_word' id='word_1_287' title='bbox 1383 3706 1947 3782; x_wconf 81' lang='lat' dir='ltr'>Institutionibus).</span> 
     </span>
    </p>

    <p class='ocr_par' dir='ltr' id='par_1_8' title="bbox 634 3806 2891 4629">
     <span class='ocr_line' id='line_1_31' title="bbox 845 3806 2889 3892; baseline 0 -23"><span class='ocrx_word' id='word_1_288' title='bbox 845 3806 952 3885; x_wconf 92' lang='lat' dir='ltr'>Iis,</span> <span class='ocrx_word' id='word_1_289' title='bbox 1017 3827 1182 3891; x_wconf 88' lang='lat' dir='ltr'>quae</span> <span class='ocrx_word' id='word_1_290' title='bbox 1245 3807 1435 3871; x_wconf 92' lang='lat' dir='ltr'>modo</span> <span class='ocrx_word' id='word_1_291' title='bbox 1501 3809 1747 3892; x_wconf 86' lang='lat' dir='ltr'>collegi,</span> <span class='ocrx_word' id='word_1_292' title='bbox 1814 3809 2205 3885; x_wconf 87' lang='lat' dir='ltr'>adducimur,</span> <span class='ocrx_word' id='word_1_293' title='bbox 2272 3815 2343 3871; x_wconf 92' lang='lat' dir='ltr'>ut</span> <span class='ocrx_word' id='word_1_294' title='bbox 2386 3814 2684 3892; x_wconf 88' lang='lat' dir='ltr'>putemus</span> <span class='ocrx_word' id='word_1_295' title='bbox 2751 3828 2889 3871; x_wconf 90' lang='lat' dir='ltr'>eum</span> 
     </span>
     <span class='ocr_line' id='line_1_32' title="bbox 639 3905 2887 3998; baseline 0.001 -26"><span class='ocrx_word' id='word_1_296' title='bbox 639 3910 749 3993; x_wconf 92' lang='lat' dir='ltr'>qui</span> <span class='ocrx_word' id='word_1_297' title='bbox 795 3912 1222 3991; x_wconf 90' lang='lat' dir='ltr'>composuerit</span> <span class='ocrx_word' id='word_1_298' title='bbox 1266 3912 1460 3976; x_wconf 88' lang='lat' dir='ltr'>libros</span> <span class='ocrx_word' id='word_1_299' title='bbox 1506 3912 1539 3973; x_wconf 95' lang='lat' dir='ltr'>I</span> <span class='ocrx_word' id='word_1_300' title='bbox 1571 3918 1637 3975; x_wconf 87' lang='lat' dir='ltr'>et</span> <span class='ocrx_word' id='word_1_301' title='bbox 1666 3912 1735 3976; x_wconf 94' lang='grc' dir='ltr'>ΙΙ</span> <span class='ocrx_word' id='word_1_302' title='bbox 1782 3933 2038 3998; x_wconf 88' lang='lat' dir='ltr'>operam</span> <span class='ocrx_word' id='word_1_303' title='bbox 2086 3911 2360 3986; x_wconf 84' lang='lat' dir='ltr'>dedisse,</span> <span class='ocrx_word' id='word_1_304' title='bbox 2392 3917 2480 3975; x_wconf 82' lang='lat' dir='ltr'>ut</span> <span class='ocrx_word' id='word_1_305' title='bbox 2522 3905 2887 3976; x_wconf 84' lang='lat' dir='ltr'>liberalibus</span> 
     </span>
     <span class='ocr_line' id='line_1_33' title="bbox 639 4012 2891 4080; baseline 0.001 -6"><span class='ocrx_word' id='word_1_306' title='bbox 639 4012 882 4077; x_wconf 88' lang='lat' dir='ltr'>artibus</span> <span class='ocrx_word' id='word_1_307' title='bbox 930 4034 998 4077; x_wconf 89' lang='lat' dir='ltr'>se</span> <span class='ocrx_word' id='word_1_308' title='bbox 1047 4013 1362 4078; x_wconf 88' lang='lat' dir='ltr'>eruditum</span> <span class='ocrx_word' id='word_1_309' title='bbox 1412 4036 1547 4079; x_wconf 90' lang='lat' dir='ltr'>esse</span> <span class='ocrx_word' id='word_1_310' title='bbox 1582 4014 2059 4080; x_wconf 88' lang='lat' dir='ltr'>demonstraret.</span> <span class='ocrx_word' id='word_1_311' title='bbox 2150 4015 2272 4079; x_wconf 82' lang='lat' dir='ltr'>Oui</span> <span class='ocrx_word' id='word_1_312' title='bbox 2300 4014 2509 4080; x_wconf 90' lang='lat' dir='ltr'>studio</span> <span class='ocrx_word' id='word_1_313' title='bbox 2546 4015 2891 4077; x_wconf 85' lang='lat' dir='ltr'>doctrinam</span> 
     </span>
     <span class='ocr_line' id='line_1_34' title="bbox 639 4116 2890 4205; baseline 0 -27"><span class='ocrx_word' id='word_1_314' title='bbox 639 4116 998 4180; x_wconf 87' lang='lat' dir='ltr'>ostentandi</span> <span class='ocrx_word' id='word_1_315' title='bbox 1042 4117 1200 4180; x_wconf 90' lang='lat' dir='ltr'>illud</span> <span class='ocrx_word' id='word_1_316' title='bbox 1245 4119 1611 4203; x_wconf 88' lang='lat' dir='ltr'>respondet,</span> <span class='ocrx_word' id='word_1_317' title='bbox 1662 4119 1833 4205; x_wconf 91' lang='lat' dir='ltr'>quod</span> <span class='ocrx_word' id='word_1_318' title='bbox 1880 4119 2183 4183; x_wconf 87' lang='lat' dir='ltr'>librorum</span> <span class='ocrx_word' id='word_1_319' title='bbox 2226 4119 2260 4182; x_wconf 96' lang='lat' dir='ltr'>I</span> <span class='ocrx_word' id='word_1_320' title='bbox 2300 4126 2364 4183; x_wconf 85' lang='lat' dir='ltr'>et</span> <span class='ocrx_word' id='word_1_321' title='bbox 2396 4118 2464 4181; x_wconf 93' lang='lat' dir='ltr'>II</span> <span class='ocrx_word' id='word_1_322' title='bbox 2510 4118 2890 4201; x_wconf 88' lang='lat' dir='ltr'>compositor</span> 
     </span>
     <span class='ocr_line' id='line_1_35' title="bbox 634 4220 2889 4308; baseline 0 -26"><span class='ocrx_word' id='word_1_323' title='bbox 634 4240 848 4304; x_wconf 86' lang='lat' dir='ltr'>saepe,</span> <span class='ocrx_word' id='word_1_324' title='bbox 906 4242 1071 4305; x_wconf 86' lang='lat' dir='ltr'>quae</span> <span class='ocrx_word' id='word_1_325' title='bbox 1132 4224 1448 4287; x_wconf 89' lang='lat' dir='ltr'>senserint</span> <span class='ocrx_word' id='word_1_326' title='bbox 1515 4222 1579 4303; x_wconf 89' lang='lat' dir='ltr'>a)</span> <span class='ocrx_word' id='word_1_327' title='bbox 1638 4224 2021 4308; x_wconf 82' lang='lat' dir='ltr'>antiquiores</span> <span class='ocrx_word' id='word_1_328' title='bbox 2080 4224 2525 4305; x_wconf 84' lang='lat' dir='ltr'>iureconsulti,</span> <span class='ocrx_word' id='word_1_329' title='bbox 2600 4243 2683 4285; x_wconf 83' lang='lat' dir='ltr'>ex</span> <span class='ocrx_word' id='word_1_330' title='bbox 2738 4220 2889 4303; x_wconf 88' lang='lat' dir='ltr'>opti-</span> 
     </span>
     <span class='ocr_line' id='line_1_36' title="bbox 635 4326 2889 4411; baseline 0.001 -27"><span class='ocrx_word' id='word_1_331' title='bbox 635 4343 882 4386; x_wconf 91' lang='lat' dir='ltr'>morum</span> <span class='ocrx_word' id='word_1_332' title='bbox 939 4326 1518 4391; x_wconf 86' lang='lat' dir='ltr'>iureconsultorum</span> <span class='ocrx_word' id='word_1_333' title='bbox 1582 4327 1754 4391; x_wconf 86' lang='lat' dir='ltr'>libris</span> <span class='ocrx_word' id='word_1_334' title='bbox 1821 4328 2153 4411; x_wconf 87' lang='lat' dir='ltr'>congessit.</span> <span class='ocrx_word' id='word_1_335' title='bbox 2246 4327 2426 4391; x_wconf 89' lang='lat' dir='ltr'>Idem</span> <span class='ocrx_word' id='word_1_336' title='bbox 2481 4326 2543 4389; x_wconf 92' lang='lat' dir='ltr'>in</span> <span class='ocrx_word' id='word_1_337' title='bbox 2588 4326 2889 4411; x_wconf 87' lang='lat' dir='ltr'>posterio-</span> 
     </span>
     <span class='ocr_line' id='line_1_37' title="bbox 635 4425 2891 4515; baseline 0.001 -27"><span class='ocrx_word' id='word_1_338' title='bbox 635 4425 810 4491; x_wconf 90' lang='lat' dir='ltr'>ribus</span> <span class='ocrx_word' id='word_1_339' title='bbox 857 4429 1030 4493; x_wconf 88' lang='lat' dir='ltr'>libris</span> <span class='ocrx_word' id='word_1_340' title='bbox 1092 4426 1164 4512; x_wconf 90' lang='lat' dir='ltr'>b)</span> <span class='ocrx_word' id='word_1_341' title='bbox 1210 4431 1411 4493; x_wconf 90' lang='lat' dir='ltr'>multo</span> <span class='ocrx_word' id='word_1_342' title='bbox 1458 4431 1659 4495; x_wconf 86' lang='lat' dir='ltr'>rarius</span> <span class='ocrx_word' id='word_1_343' title='bbox 1706 4432 1775 4494; x_wconf 85' lang='lat' dir='ltr'>fit</span> <span class='ocrx_word' id='word_1_344' title='bbox 1828 4430 2021 4515; x_wconf 90' lang='lat' dir='ltr'>idque</span> <span class='ocrx_word' id='word_1_345' title='bbox 2066 4439 2235 4511; x_wconf 87' lang='lat' dir='ltr'>tum,</span> <span class='ocrx_word' id='word_1_346' title='bbox 2301 4451 2443 4495; x_wconf 90' lang='lat' dir='ltr'>cum</span> <span class='ocrx_word' id='word_1_347' title='bbox 2509 4428 2588 4493; x_wconf 86' lang='lat' dir='ltr'>de</span> <span class='ocrx_word' id='word_1_348' title='bbox 2652 4433 2891 4493; x_wconf 86' lang='lat' dir='ltr'>contro-</span> 
     </span>
     <span class='ocr_line' id='line_1_38' title="bbox 636 4531 2889 4629; baseline 0.003 -35"><span class='ocrx_word' id='word_1_349' title='bbox 636 4531 840 4603; x_wconf 82' lang='lat' dir='ltr'>versia</span> <span class='ocrx_word' id='word_1_350' title='bbox 863 4532 1074 4627; x_wconf 87' lang='lat' dir='ltr'>aliqua</span> <span class='ocrx_word' id='word_1_351' title='bbox 1097 4534 1337 4625; x_wconf 73' lang='lat' dir='ltr'>agitur,</span> <span class='ocrx_word' id='word_1_352' title='bbox 1370 4534 1524 4598; x_wconf 85' lang='lat' dir='ltr'>alias</span> <span class='ocrx_word' id='word_1_353' title='bbox 1555 4535 1921 4629; x_wconf 85' lang='lat' dir='ltr'>simpliciter</span> <span class='ocrx_word' id='word_1_354' title='bbox 1945 4537 2083 4627; x_wconf 86' lang='lat' dir='ltr'>ipsa</span> <span class='ocrx_word' id='word_1_355' title='bbox 2108 4534 2310 4601; x_wconf 84' lang='lat' dir='ltr'>verba</span> <span class='ocrx_word' id='word_1_356' title='bbox 2331 4534 2583 4601; x_wconf 85' lang='lat' dir='ltr'>nomine</span> <span class='ocrx_word' id='word_1_357' title='bbox 2611 4534 2889 4601; x_wconf 84' lang='lat' dir='ltr'>iurecon-</span> 
     </span>
    </p>
   </div>
   <div class='ocr_carea' id='block_1_8' title="bbox 3117 0 3126 3675">
    <p class='ocr_par' dir='ltr' id='par_1_9' title="bbox 3117 0 3126 3675">
     <span class='ocr_line' id='line_1_39' title="bbox 3117 0 3126 3675; baseline 0 0"><span class='ocrx_word' id='word_1_358' title='bbox 3117 0 3126 3675; x_wconf 95' lang='lat' dir='ltr'> </span> 
     </span>
    </p>
   </div>
  </div>
 </body>
</html>
