<?xml version="1.0" encoding="UTF-8"?>
<!DOCTYPE html PUBLIC "-//W3C//DTD XHTML 1.0 Transitional//EN"
    "http://www.w3.org/TR/xhtml1/DTD/xhtml1-transitional.dtd">
<html xmlns="http://www.w3.org/1999/xhtml" xml:lang="en" lang="en">
 <head>
  <title>
</title>
<meta http-equiv="Content-Type" content="text/html;charset=utf-8" />
  <meta name='ocr-system' content='tesseract 3.04.00' />
  <meta name='ocr-capabilities' content='ocr_page ocr_carea ocr_par ocr_line ocrx_word'/>
</head>
<body>
  <div class='ocr_page' id='page_1' title='image "./deiustinianiins00grupgoog_0037.png"; bbox 0 0 3150 5259; ppageno 0'>
   <div class='ocr_carea' id='block_1_1' title="bbox 1345 498 2555 583">
    <p class='ocr_par' dir='ltr' id='par_1_1' title="bbox 1345 498 2555 583">
     <span class='ocr_line' id='line_1_1' title="bbox 1345 498 2555 583; baseline 0.005 -20"><span class='ocrx_word' id='word_1_1' title='bbox 1345 498 1484 583; x_wconf 86' lang='lat'>[85]</span> <span class='ocrx_word' id='word_1_2' title='bbox 2476 508 2555 569; x_wconf 88' lang='lat'><strong><em>35</em></strong></span> 
     </span>
    </p>
   </div>
   <div class='ocr_carea' id='block_1_2' title="bbox 295 686 2557 1079">
    <p class='ocr_par' dir='ltr' id='par_1_2' title="bbox 295 686 2557 1079">
     <span class='ocr_line' id='line_1_2' title="bbox 295 686 2557 775; baseline 0.004 -26"><span class='ocrx_word' id='word_1_3' title='bbox 295 686 623 769; x_wconf 84' lang='lat' dir='ltr'><strong><em>scriptura</em></strong></span> <span class='ocrx_word' id='word_1_4' title='bbox 667 708 854 771; x_wconf 81' lang='lat' dir='ltr'><strong><em>neque</em></strong></span> <span class='ocrx_word' id='word_1_5' title='bbox 890 692 1258 772; x_wconf 87' lang='lat' dir='ltr'><strong><em>praesentia</em></strong></span> <span class='ocrx_word' id='word_1_6' title='bbox 1303 692 1653 755; x_wconf 87' lang='lat' dir='ltr'><strong><em>omnimodo</em></strong></span> <span class='ocrx_word' id='word_1_7' title='bbox 1699 711 1853 775; x_wconf 90' lang='lat' dir='ltr'><strong><em>opus</em></strong></span> <span class='ocrx_word' id='word_1_8' title='bbox 1884 699 1990 774; x_wconf 88' lang='lat' dir='ltr'><strong><em>est,</em></strong></span> <span class='ocrx_word' id='word_1_9' title='bbox 2034 700 2103 757; x_wconf 86' lang='lat' dir='ltr'><strong><em>ut</em></strong></span> <span class='ocrx_word' id='word_1_10' title='bbox 2142 694 2557 761; x_wconf 79' lang='lat' dir='ltr'><strong><em>substantiam</em></strong></span> 
     </span>
     <span class='ocr_line' id='line_1_3' title="bbox 297 791 2553 883; baseline 0.005 -30"><span class='ocrx_word' id='word_1_11' title='bbox 297 791 585 872; x_wconf 83' lang='lat' dir='ltr'><strong><em>capiat</em></strong></span> <span class='ocrx_word' id='word_1_12' title='bbox 641 791 935 875; x_wconf 75' lang='lat' dir='ltr'><strong><em>obliyatio</em></strong></span> <span class='ocrx_word' id='word_1_13' title='bbox 987 792 1304 878; x_wconf 88' lang='lat' dir='ltr'><strong><em>(Theoph.</em></strong></span> <span class='ocrx_word' id='word_1_14' title='bbox 1361 794 1463 857; x_wconf 81' lang='grc' dir='ltr'><strong><em>ἵνα</em></strong></span> <span class='ocrx_word' id='word_1_15' title='bbox 1510 793 1802 859; x_wconf 77' lang='grc' dir='ltr'><em>σύστασιν</em></span> <span class='ocrx_word' id='word_1_16' title='bbox 1862 794 2207 879; x_wconf 77' lang='grc' dir='ltr'><strong><em>δέξηται)</em></strong></span> <span class='ocrx_word' id='word_1_17' title='bbox 2241 799 2265 879; x_wconf 77' lang='grc' dir='ltr'>Η</span> <span class='ocrx_word' id='word_1_18' title='bbox 2298 801 2408 881; x_wconf 93' lang='grc'>27,</span> <span class='ocrx_word' id='word_1_19' title='bbox 2459 820 2553 883; x_wconf 85' lang='lat' dir='ltr'><strong><em>pr.</em></strong></span> 
     </span>
     <span class='ocr_line' id='line_1_4' title="bbox 295 892 2557 983; baseline 0.005 -27"><span class='ocrx_word' id='word_1_20' title='bbox 295 892 710 958; x_wconf 77' lang='lat' dir='ltr'><strong><em>substantiam</em></strong></span> <span class='ocrx_word' id='word_1_21' title='bbox 759 898 1129 979; x_wconf 81' lang='lat' dir='ltr'><strong><em>capiunt,</em></strong></span> <span class='ocrx_word' id='word_1_22' title='bbox 1192 896 1298 961; x_wconf 82' lang='lat' dir='ltr'><strong><em>cfr.</em></strong></span> <span class='ocrx_word' id='word_1_23' title='bbox 1355 896 1448 962; x_wconf 86' lang='lat' dir='ltr'><strong><em>IV</em></strong></span> <span class='ocrx_word' id='word_1_24' title='bbox 1499 902 1558 980; x_wconf 84' lang='lat'><strong><em>6,</em></strong></span> <span class='ocrx_word' id='word_1_25' title='bbox 1619 902 1693 979; x_wconf 75' lang='lat'><strong><em>73</em></strong></span> <span class='ocrx_word' id='word_1_26' title='bbox 1740 902 1799 979; x_wconf 82' lang='lat'><strong><em>6,</em></strong></span> <span class='ocrx_word' id='word_1_27' title='bbox 1869 901 1979 981; x_wconf 81' lang='lat'><strong><em>133</em></strong></span> <span class='ocrx_word' id='word_1_28' title='bbox 2034 905 2127 981; x_wconf 87' lang='lat'><strong><em>13,</em></strong></span> <span class='ocrx_word' id='word_1_29' title='bbox 2190 906 2222 965; x_wconf 82' lang='lat'>7</span> <span class='ocrx_word' id='word_1_30' title='bbox 2279 902 2391 983; x_wconf 89' lang='lat'><strong><em>(=</em></strong></span> <span class='ocrx_word' id='word_1_31' title='bbox 2436 902 2557 967; x_wconf 78' lang='lat' dir='ltr'><strong><em>Gai</em></strong></span> 
     </span>
     <span class='ocr_line' id='line_1_5' title="bbox 295 994 802 1079; baseline 0.004 -22"><span class='ocrx_word' id='word_1_32' title='bbox 295 996 439 1061; x_wconf 81' lang='lat' dir='ltr'><strong><em>inst.</em></strong></span> <span class='ocrx_word' id='word_1_33' title='bbox 486 994 579 1061; x_wconf 93' lang='lat' dir='ltr'><strong><em>IV</em></strong></span> <span class='ocrx_word' id='word_1_34' title='bbox 633 998 802 1079; x_wconf 88' lang='grc'>118).</span> 
     </span>
    </p>
   </div>
   <div class='ocr_carea' id='block_1_3' title="bbox 293 1128 2557 1526">
    <p class='ocr_par' dir='ltr' id='par_1_3' title="bbox 293 1128 2557 1526">
     <span class='ocr_line' id='line_1_6' title="bbox 493 1128 2556 1218; baseline 0.003 -27"><span class='ocrx_word' id='word_1_35' title='bbox 493 1131 552 1193; x_wconf 88' lang='grc'><strong><em>3.</em></strong></span> <span class='ocrx_word' id='word_1_36' title='bbox 644 1128 716 1191; x_wconf 89' lang='lat' dir='ltr'><strong><em>In</em></strong></span> <span class='ocrx_word' id='word_1_37' title='bbox 763 1129 934 1192; x_wconf 85' lang='lat' dir='ltr'><strong><em>libris</em></strong></span> <span class='ocrx_word' id='word_1_38' title='bbox 981 1130 1014 1193; x_wconf 99' lang='grc' dir='ltr'>Ι</span> <span class='ocrx_word' id='word_1_39' title='bbox 1061 1137 1126 1195; x_wconf 80' lang='lat' dir='ltr'><strong><em>et</em></strong></span> <span class='ocrx_word' id='word_1_40' title='bbox 1171 1130 1241 1195; x_wconf 93' lang='lat' dir='ltr'><strong><em>II</em></strong></span> <span class='ocrx_word' id='word_1_41' title='bbox 1289 1133 1586 1216; x_wconf 74' lang='lat' dir='ltr'><strong><em>co&#39;niunqi</em></strong></span> <span class='ocrx_word' id='word_1_42' title='bbox 1630 1140 1694 1196; x_wconf 84' lang='lat' dir='ltr'><strong><em>et</em></strong></span> <span class='ocrx_word' id='word_1_43' title='bbox 1738 1134 1921 1215; x_wconf 73' lang='lat' dir='ltr'><strong><em>iunyi</em></strong></span> <span class='ocrx_word' id='word_1_44' title='bbox 1978 1134 2330 1218; x_wconf 81' lang='lat' dir='ltr'><strong><em>promiscue</em></strong></span> <span class='ocrx_word' id='word_1_45' title='bbox 2378 1155 2556 1198; x_wconf 82' lang='lat' dir='ltr'><strong><em>usur-</em></strong></span> 
     </span>
     <span class='ocr_line' id='line_1_7' title="bbox 296 1231 2557 1321; baseline 0.004 -28"><span class='ocrx_word' id='word_1_46' title='bbox 296 1236 544 1316; x_wconf 85' lang='lat' dir='ltr'><strong><em>pantur,</em></strong></span> <span class='ocrx_word' id='word_1_47' title='bbox 610 1231 674 1295; x_wconf 91' lang='lat' dir='ltr'><strong><em>in</em></strong></span> <span class='ocrx_word' id='word_1_48' title='bbox 735 1232 990 1316; x_wconf 82' lang='lat' dir='ltr'><strong><em>reliquis</em></strong></span> <span class='ocrx_word' id='word_1_49' title='bbox 1057 1254 1250 1296; x_wconf 89' lang='lat' dir='ltr'><strong><em>unum</em></strong></span> <span class='ocrx_word' id='word_1_50' title='bbox 1311 1237 1529 1317; x_wconf 61' lang='lat' dir='ltr'><strong><em>iunci:</em></strong></span> <span class='ocrx_word' id='word_1_51' title='bbox 1573 1236 1609 1299; x_wconf 94' lang='lat' dir='ltr'>I</span> <span class='ocrx_word' id='word_1_52' title='bbox 1656 1237 1754 1317; x_wconf 90' lang='lat'><strong><em>10,</em></strong></span> <span class='ocrx_word' id='word_1_53' title='bbox 1812 1240 1835 1295; x_wconf 93' lang='lat'>1</span> <span class='ocrx_word' id='word_1_54' title='bbox 1887 1237 2071 1321; x_wconf 71' lang='lat' dir='ltr'><strong><em>iunyi</em></strong></span> <span class='ocrx_word' id='word_1_55' title='bbox 2100 1235 2123 1319; x_wconf 81' lang='grc' dir='ltr'><strong><em>ΙΙ</em></strong></span> <span class='ocrx_word' id='word_1_56' title='bbox 2162 1240 2269 1318; x_wconf 87' lang='grc'>10,</span> <span class='ocrx_word' id='word_1_57' title='bbox 2318 1241 2355 1302; x_wconf 88' lang='lat'><strong>3</strong></span> <span class='ocrx_word' id='word_1_58' title='bbox 2415 1257 2557 1301; x_wconf 83' lang='lat' dir='ltr'><strong><em>con-</em></strong></span> 
     </span>
     <span class='ocr_line' id='line_1_8' title="bbox 293 1332 2556 1424; baseline 0.003 -27"><span class='ocrx_word' id='word_1_59' title='bbox 293 1335 584 1417; x_wconf 75' lang='lat' dir='ltr'><strong><em>iunyitur</em></strong></span> <span class='ocrx_word' id='word_1_60' title='bbox 616 1332 638 1416; x_wconf 90' lang='grc' dir='ltr'><strong><em>ΙΙ</em></strong></span> <span class='ocrx_word' id='word_1_61' title='bbox 675 1336 774 1418; x_wconf 88' lang='grc'>10,</span> <span class='ocrx_word' id='word_1_62' title='bbox 821 1338 860 1399; x_wconf 89' lang='lat'>4</span> <span class='ocrx_word' id='word_1_63' title='bbox 910 1337 1090 1420; x_wconf 72' lang='lat' dir='ltr'><strong><em>iunyi</em></strong></span> <span class='ocrx_word' id='word_1_64' title='bbox 1122 1335 1145 1419; x_wconf 81' lang='grc' dir='ltr'><strong><em>ΙΙ</em></strong></span> <span class='ocrx_word' id='word_1_65' title='bbox 1176 1337 1244 1400; x_wconf 91' lang='grc' dir='ltr'><strong><em>ΙΙ</em></strong></span> <span class='ocrx_word' id='word_1_66' title='bbox 1291 1340 1351 1419; x_wconf 90' lang='grc'>6,</span> <span class='ocrx_word' id='word_1_67' title='bbox 1413 1343 1482 1402; x_wconf 82' lang='lat'><strong><em>13</em></strong></span> <span class='ocrx_word' id='word_1_68' title='bbox 1549 1341 1847 1423; x_wconf 73' lang='lat' dir='ltr'><strong><em>coniunyi</em></strong></span> <span class='ocrx_word' id='word_1_69' title='bbox 1879 1338 1901 1421; x_wconf 83' lang='grc' dir='ltr'><strong><em>ΙΙ</em></strong></span> <span class='ocrx_word' id='word_1_70' title='bbox 1942 1342 2035 1419; x_wconf 86' lang='grc'>10,</span> <span class='ocrx_word' id='word_1_71' title='bbox 2082 1344 2119 1405; x_wconf 85' lang='grc'><strong>8</strong></span> <span class='ocrx_word' id='word_1_72' title='bbox 2186 1341 2369 1424; x_wconf 74' lang='lat' dir='ltr'><strong><em>iunqi</em></strong></span> <span class='ocrx_word' id='word_1_73' title='bbox 2397 1339 2423 1422; x_wconf 88' lang='grc' dir='ltr'><strong><em>ΙΙ</em></strong></span> <span class='ocrx_word' id='word_1_74' title='bbox 2455 1340 2556 1404; x_wconf 94' lang='lat' dir='ltr'><strong><em>III</em></strong></span> 
     </span>
     <span class='ocr_line' id='line_1_9' title="bbox 296 1438 2032 1526; baseline 0.004 -27"><span class='ocrx_word' id='word_1_75' title='bbox 296 1438 356 1519; x_wconf 87' lang='lat'><strong><em>2,</em></strong></span> <span class='ocrx_word' id='word_1_76' title='bbox 409 1441 435 1500; x_wconf 97' lang='lat'>1</span> <span class='ocrx_word' id='word_1_77' title='bbox 488 1439 686 1502; x_wconf 91' lang='lat' dir='ltr'><strong><em>iuncti</em></strong></span> <span class='ocrx_word' id='word_1_78' title='bbox 717 1442 740 1519; x_wconf 83' lang='grc' dir='ltr'><strong><em>ΙΙ</em></strong></span> <span class='ocrx_word' id='word_1_79' title='bbox 772 1443 833 1521; x_wconf 84' lang='grc'>3,</span> <span class='ocrx_word' id='word_1_80' title='bbox 878 1460 971 1523; x_wconf 77' lang='lat' dir='ltr'><strong><em>pr.</em></strong></span> <span class='ocrx_word' id='word_1_81' title='bbox 1019 1441 1374 1523; x_wconf 73' lang='lat' dir='ltr'><strong><em>iunquntur</em></strong></span> <span class='ocrx_word' id='word_1_82' title='bbox 1405 1442 1428 1522; x_wconf 83' lang='grc' dir='ltr'><strong><em>ΙΙ</em></strong></span> <span class='ocrx_word' id='word_1_83' title='bbox 1464 1445 1520 1521; x_wconf 87' lang='grc'>5,</span> <span class='ocrx_word' id='word_1_84' title='bbox 1571 1444 1609 1505; x_wconf 89' lang='grc'><strong>2</strong></span> <span class='ocrx_word' id='word_1_85' title='bbox 1657 1444 2032 1526; x_wconf 73' lang='lat' dir='ltr'><strong><em>iunyuntur.</em></strong></span> 
     </span>
    </p>
   </div>
   <div class='ocr_carea' id='block_1_4' title="bbox 1335 1732 1518 1813">
    <p class='ocr_par' dir='ltr' id='par_1_4' title="bbox 1335 1732 1518 1813">
     <span class='ocr_line' id='line_1_10' title="bbox 1335 1732 1518 1813; baseline 0.011 -18"><span class='ocrx_word' id='word_1_86' title='bbox 1335 1732 1370 1813; x_wconf 64' lang='lat' dir='ltr'>g</span> <span class='ocrx_word' id='word_1_87' title='bbox 1419 1734 1518 1797; x_wconf 80' lang='lat'><strong><em>12.</em></strong></span> 
     </span>
    </p>
   </div>
   <div class='ocr_carea' id='block_1_5' title="bbox 293 1896 2557 2292">
    <p class='ocr_par' dir='ltr' id='par_1_5' title="bbox 293 1896 2557 2292">
     <span class='ocr_line' id='line_1_11' title="bbox 494 1896 2557 1982; baseline 0.002 -23"><span class='ocrx_word' id='word_1_88' title='bbox 494 1896 720 1960; x_wconf 84' lang='lat' dir='ltr'><strong>Finem</strong></span> <span class='ocrx_word' id='word_1_89' title='bbox 764 1896 998 1959; x_wconf 82' lang='lat' dir='ltr'><strong><em>faciant</em></strong></span> <span class='ocrx_word' id='word_1_90' title='bbox 1045 1917 1118 1959; x_wconf 90' lang='lat' dir='ltr'><strong><em>ea</em></strong></span> <span class='ocrx_word' id='word_1_91' title='bbox 1167 1897 1379 1979; x_wconf 82' lang='lat' dir='ltr'><strong><em>verba,</em></strong></span> <span class='ocrx_word' id='word_1_92' title='bbox 1424 1918 1585 1982; x_wconf 87' lang='lat' dir='ltr'><strong><em>quae</em></strong></span> <span class='ocrx_word' id='word_1_93' title='bbox 1634 1898 1695 1961; x_wconf 92' lang='lat' dir='ltr'><strong><em>in</em></strong></span> <span class='ocrx_word' id='word_1_94' title='bbox 1745 1897 1945 1961; x_wconf 84' lang='lat' dir='ltr'><strong><em>altera</em></strong></span> <span class='ocrx_word' id='word_1_95' title='bbox 2005 1904 2145 1960; x_wconf 83' lang='lat' dir='ltr'><strong><em>utra</em></strong></span> <span class='ocrx_word' id='word_1_96' title='bbox 2206 1897 2557 1964; x_wconf 81' lang='lat' dir='ltr'><strong><em>Institutio-</em></strong></span> 
     </span>
     <span class='ocr_line' id='line_1_12' title="bbox 296 1999 2556 2087; baseline 0 -22"><span class='ocrx_word' id='word_1_97' title='bbox 296 2022 444 2065; x_wconf 89' lang='lat' dir='ltr'><strong><em>num</em></strong></span> <span class='ocrx_word' id='word_1_98' title='bbox 491 2009 674 2084; x_wconf 82' lang='lat' dir='ltr'><strong><em>parte</em></strong></span> <span class='ocrx_word' id='word_1_99' title='bbox 721 2021 977 2084; x_wconf 83' lang='lat' dir='ltr'><strong><em>prorsus</em></strong></span> <span class='ocrx_word' id='word_1_100' title='bbox 1027 2020 1151 2062; x_wconf 91' lang='lat' dir='ltr'><strong><em>non</em></strong></span> <span class='ocrx_word' id='word_1_101' title='bbox 1198 2000 1515 2083; x_wconf 82' lang='lat' dir='ltr'><strong><em>leguntur,</em></strong></span> <span class='ocrx_word' id='word_1_102' title='bbox 1563 1999 1695 2081; x_wconf 84' lang='lat' dir='ltr'><strong><em>sed,</em></strong></span> <span class='ocrx_word' id='word_1_103' title='bbox 1744 2022 1885 2063; x_wconf 84' lang='lat' dir='ltr'><strong><em>cum</em></strong></span> <span class='ocrx_word' id='word_1_104' title='bbox 1932 2001 2187 2086; x_wconf 79' lang='lat' dir='ltr'><strong><em>utrique</em></strong></span> <span class='ocrx_word' id='word_1_105' title='bbox 2246 2003 2556 2087; x_wconf 84' lang='lat' dir='ltr'><strong><em>composi-</em></strong></span> 
     </span>
     <span class='ocr_line' id='line_1_13' title="bbox 293 2102 2550 2187; baseline 0.001 -18"><span class='ocrx_word' id='word_1_106' title='bbox 293 2106 418 2169; x_wconf 86' lang='lat' dir='ltr'><strong><em>tori</em></strong></span> <span class='ocrx_word' id='word_1_107' title='bbox 466 2103 688 2169; x_wconf 85' lang='lat' dir='ltr'><strong><em>eadem</em></strong></span> <span class='ocrx_word' id='word_1_108' title='bbox 734 2126 834 2169; x_wconf 85' lang='lat' dir='ltr'><strong><em>res</em></strong></span> <span class='ocrx_word' id='word_1_109' title='bbox 881 2104 1072 2168; x_wconf 85' lang='lat' dir='ltr'><strong><em>verbo</em></strong></span> <span class='ocrx_word' id='word_1_110' title='bbox 1122 2102 1537 2187; x_wconf 82' lang='lat' dir='ltr'><strong><em>exprimenda</em></strong></span> <span class='ocrx_word' id='word_1_111' title='bbox 1570 2109 1755 2185; x_wconf 79' lang='lat' dir='ltr'><strong><em>esset,</em></strong></span> <span class='ocrx_word' id='word_1_112' title='bbox 1802 2111 1916 2167; x_wconf 81' lang='lat' dir='ltr'><strong><em>aut</em></strong></span> <span class='ocrx_word' id='word_1_113' title='bbox 1954 2104 2054 2167; x_wconf 83' lang='lat' dir='ltr'><strong><em>hie</em></strong></span> <span class='ocrx_word' id='word_1_114' title='bbox 2083 2111 2195 2168; x_wconf 81' lang='lat' dir='ltr'><strong><em>aut</em></strong></span> <span class='ocrx_word' id='word_1_115' title='bbox 2239 2106 2368 2170; x_wconf 85' lang='lat' dir='ltr'><strong><em>illio</em></strong></span> <span class='ocrx_word' id='word_1_116' title='bbox 2412 2107 2550 2171; x_wconf 82' lang='lat' dir='ltr'><strong><em>aliis</em></strong></span> 
     </span>
     <span class='ocr_line' id='line_1_14' title="bbox 294 2207 2175 2292; baseline 0 -22"><span class='ocrx_word' id='word_1_117' title='bbox 294 2209 523 2289; x_wconf 78' lang='lat' dir='ltr'><strong><em>verbiS,</em></strong></span> <span class='ocrx_word' id='word_1_118' title='bbox 569 2208 796 2292; x_wconf 84' lang='lat' dir='ltr'><strong><em>quibus</em></strong></span> <span class='ocrx_word' id='word_1_119' title='bbox 844 2207 1042 2270; x_wconf 82' lang='lat' dir='ltr'><strong><em>altera</em></strong></span> <span class='ocrx_word' id='word_1_120' title='bbox 1087 2228 1232 2291; x_wconf 86' lang='lat' dir='ltr'><strong><em>pars</em></strong></span> <span class='ocrx_word' id='word_1_121' title='bbox 1283 2207 1605 2287; x_wconf 81' lang='lat' dir='ltr'><strong>abstinuit,</strong></span> <span class='ocrx_word' id='word_1_122' title='bbox 1654 2214 2175 2291; x_wconf 80' lang='lat' dir='ltr'><strong><em>compensantur:</em></strong></span> 
     </span>
    </p>
   </div>
   <div class='ocr_carea' id='block_1_6' title="bbox 292 2336 2557 2735">
    <p class='ocr_par' dir='ltr' id='par_1_6' title="bbox 292 2336 2557 2735">
     <span class='ocr_line' id='line_1_15' title="bbox 509 2336 2556 2421; baseline 0.002 -21"><span class='ocrx_word' id='word_1_123' title='bbox 509 2342 562 2401; x_wconf 91' lang='lat'><strong><em>1.</em></strong></span> <span class='ocrx_word' id='word_1_124' title='bbox 637 2336 904 2420; x_wconf 80' lang='lat' dir='ltr'>Legitur</span> <span class='ocrx_word' id='word_1_125' title='bbox 971 2336 1038 2401; x_wconf 91' lang='lat' dir='ltr'><strong><em>II</em></strong></span> <span class='ocrx_word' id='word_1_126' title='bbox 1102 2338 1211 2416; x_wconf 88' lang='lat'><strong><em>22,</em></strong></span> <span class='ocrx_word' id='word_1_127' title='bbox 1261 2336 1299 2398; x_wconf 89' lang='grc'><strong>3</strong></span> <span class='ocrx_word' id='word_1_128' title='bbox 1342 2343 1579 2421; x_wconf 81' lang='lat' dir='ltr'><strong><em>quarta</em></strong></span> <span class='ocrx_word' id='word_1_129' title='bbox 1632 2357 1797 2420; x_wconf 85' lang='lat' dir='ltr'><strong><em>pars</em></strong></span> <span class='ocrx_word' id='word_1_130' title='bbox 1842 2384 1857 2400; x_wconf 90' lang='lat'><strong>.</strong></span> <span class='ocrx_word' id='word_1_131' title='bbox 1892 2338 2346 2403; x_wconf 81' lang='lat' dir='ltr'><strong><em>..detrahi</em></strong></span> <span class='ocrx_word' id='word_1_132' title='bbox 2388 2339 2556 2404; x_wconf 85' lang='lat' dir='ltr'><strong><em>debet</em></strong></span> 
     </span>
     <span class='ocr_line' id='line_1_16' title="bbox 293 2438 2557 2527; baseline 0 -20"><span class='ocrx_word' id='word_1_133' title='bbox 293 2442 428 2522; x_wconf 85' lang='lat' dir='ltr'><strong><em>(cfr.</em></strong></span> <span class='ocrx_word' id='word_1_134' title='bbox 477 2441 545 2505; x_wconf 95' lang='lat' dir='ltr'><strong><em>II</em></strong></span> <span class='ocrx_word' id='word_1_135' title='bbox 597 2444 706 2519; x_wconf 90' lang='lat'><strong><em>11,</em></strong></span> <span class='ocrx_word' id='word_1_136' title='bbox 753 2443 792 2501; x_wconf 79' lang='lat'>4</span> <span class='ocrx_word' id='word_1_137' title='bbox 839 2442 895 2504; x_wconf 87' lang='lat' dir='ltr'><strong><em>si</em></strong></span> <span class='ocrx_word' id='word_1_138' title='bbox 937 2441 1074 2525; x_wconf 81' lang='lat' dir='ltr'><strong><em>quis</em></strong></span> <span class='ocrx_word' id='word_1_139' title='bbox 1121 2490 1134 2505; x_wconf 94' lang='lat'><strong>.</strong></span> <span class='ocrx_word' id='word_1_140' title='bbox 1170 2489 1229 2505; x_wconf 89' lang='lat'><strong><em>..</em></strong></span> <span class='ocrx_word' id='word_1_141' title='bbox 1277 2440 1589 2525; x_wconf 79' lang='lat' dir='ltr'><strong><em>quaedam</em></strong></span> <span class='ocrx_word' id='word_1_142' title='bbox 1652 2438 1878 2504; x_wconf 87' lang='lat' dir='ltr'><strong><em>adiecit</em></strong></span> <span class='ocrx_word' id='word_1_143' title='bbox 1920 2441 2046 2503; x_wconf 85' lang='lat' dir='ltr'><strong><em>sive</em></strong></span> <span class='ocrx_word' id='word_1_144' title='bbox 2091 2441 2503 2525; x_wconf 74' lang='lat' dir='ltr'><strong><em>detraxit)</em></strong></span> <span class='ocrx_word' id='word_1_145' title='bbox 2539 2440 2557 2527; x_wconf 77' lang='grc' dir='ltr'><strong><em>ΙΙ</em></strong></span> 
     </span>
     <span class='ocr_line' id='line_1_17' title="bbox 292 2544 2553 2628; baseline -0.001 -17"><span class='ocrx_word' id='word_1_146' title='bbox 292 2550 393 2627; x_wconf 90' lang='grc'>20,</span> <span class='ocrx_word' id='word_1_147' title='bbox 441 2550 477 2609; x_wconf 87' lang='grc'><strong>9</strong></span> <span class='ocrx_word' id='word_1_148' title='bbox 523 2548 737 2611; x_wconf 81' lang='lat' dir='ltr'><strong><em>emerit</em></strong></span> <span class='ocrx_word' id='word_1_149' title='bbox 773 2545 1226 2628; x_wconf 76' lang='lat' dir='ltr'><strong><em>proprietatem</em></strong></span> <span class='ocrx_word' id='word_1_150' title='bbox 1284 2544 1651 2608; x_wconf 89' lang='lat' dir='ltr'><strong><em>detracto</em></strong></span> <span class='ocrx_word' id='word_1_151' title='bbox 1696 2563 1815 2607; x_wconf 85' lang='lat' dir='ltr'><strong><em>usu</em></strong></span> <span class='ocrx_word' id='word_1_152' title='bbox 1844 2544 2115 2628; x_wconf 85' lang='lat' dir='ltr'><strong><em>fructu3</em></strong></span> <span class='ocrx_word' id='word_1_153' title='bbox 2183 2551 2402 2610; x_wconf 84' lang='lat' dir='ltr'><strong><em>contra</em></strong></span> <span class='ocrx_word' id='word_1_154' title='bbox 2444 2544 2553 2609; x_wconf 93' lang='lat' dir='ltr'><strong><em>III</em></strong></span> 
     </span>
     <span class='ocr_line' id='line_1_18' title="bbox 295 2647 2547 2735; baseline 0.001 -20"><span class='ocrx_word' id='word_1_155' title='bbox 295 2654 354 2733; x_wconf 88' lang='grc'>3,</span> <span class='ocrx_word' id='word_1_156' title='bbox 401 2654 437 2716; x_wconf 88' lang='grc'><strong>5</strong></span> <span class='ocrx_word' id='word_1_157' title='bbox 482 2652 551 2714; x_wconf 88' lang='lat' dir='ltr'><strong><em>in</em></strong></span> <span class='ocrx_word' id='word_1_158' title='bbox 593 2650 966 2735; x_wconf 79' lang='lat' dir='ltr'><strong><em>quibusdam</em></strong></span> <span class='ocrx_word' id='word_1_159' title='bbox 1012 2648 1259 2713; x_wconf 82' lang='lat' dir='ltr'><strong><em>casibus</em></strong></span> <span class='ocrx_word' id='word_1_160' title='bbox 1303 2648 1556 2712; x_wconf 87' lang='lat' dir='ltr'><strong><em>tertiam</em></strong></span> <span class='ocrx_word' id='word_1_161' title='bbox 1590 2654 1843 2732; x_wconf 86' lang='lat' dir='ltr'><strong><em>partem</em></strong></span> <span class='ocrx_word' id='word_1_162' title='bbox 1886 2649 1942 2712; x_wconf 91' lang='lat' dir='ltr'><strong><em>ei</em></strong></span> <span class='ocrx_word' id='word_1_163' title='bbox 1985 2647 2547 2717; x_wconf 76' lang='lat' dir='ltr'><strong><em>abstrahentes.</em></strong></span> 
     </span>
    </p>
   </div>
   <div class='ocr_carea' id='block_1_7' title="bbox 297 2768 2730 4612">
    <p class='ocr_par' dir='ltr' id='par_1_7' title="bbox 297 2768 2557 3062">
     <span class='ocr_line' id='line_1_19' title="bbox 495 2768 2552 2852; baseline 0 -18"><span class='ocrx_word' id='word_1_164' title='bbox 495 2773 554 2834; x_wconf 94' lang='lat'><strong><em>2.</em></strong></span> <span class='ocrx_word' id='word_1_165' title='bbox 631 2770 914 2835; x_wconf 83' lang='lat' dir='ltr'><strong><em>Verbum</em></strong></span> <span class='ocrx_word' id='word_1_166' title='bbox 945 2768 1412 2834; x_wconf 87' lang='lat' dir='ltr'><strong><em>accommodare</em></strong></span> <span class='ocrx_word' id='word_1_167' title='bbox 1456 2768 1824 2833; x_wconf 82' lang='lat' dir='ltr'><strong><em>reformidat</em></strong></span> <span class='ocrx_word' id='word_1_168' title='bbox 1868 2768 2041 2852; x_wconf 84' lang='lat' dir='ltr'><strong><em>prior</em></strong></span> <span class='ocrx_word' id='word_1_169' title='bbox 2070 2768 2552 2835; x_wconf 81' lang='lat' dir='ltr'><strong><em>Institutionum</em></strong></span> 
     </span>
     <span class='ocr_line' id='line_1_20' title="bbox 297 2872 2557 2959; baseline 0 -20"><span class='ocrx_word' id='word_1_170' title='bbox 297 2896 461 2959; x_wconf 79' lang='lat' dir='ltr'><strong><em>pars.</em></strong></span> <span class='ocrx_word' id='word_1_171' title='bbox 555 2872 750 2937; x_wconf 83' lang='lat' dir='ltr'><strong><em>Cuius</em></strong></span> <span class='ocrx_word' id='word_1_172' title='bbox 797 2874 1000 2937; x_wconf 84' lang='lat' dir='ltr'><strong><em>vicem</em></strong></span> <span class='ocrx_word' id='word_1_173' title='bbox 1046 2873 1240 2936; x_wconf 84' lang='lat' dir='ltr'><strong><em>verba</em></strong></span> <span class='ocrx_word' id='word_1_174' title='bbox 1285 2872 1463 2952; x_wconf 83' lang='lat' dir='ltr'><strong><em>dare,</em></strong></span> <span class='ocrx_word' id='word_1_175' title='bbox 1487 2878 1841 2955; x_wconf 80' lang='lat' dir='ltr'><strong><em>praestare,</em></strong></span> <span class='ocrx_word' id='word_1_176' title='bbox 1886 2872 2156 2936; x_wconf 87' lang='lat' dir='ltr'><strong><em>tribuere</em></strong></span> <span class='ocrx_word' id='word_1_177' title='bbox 2198 2882 2448 2957; x_wconf 85' lang='lat' dir='ltr'><strong><em>gerunt,</em></strong></span> <span class='ocrx_word' id='word_1_178' title='bbox 2486 2882 2557 2939; x_wconf 83' lang='lat' dir='ltr'><strong><em>ut</em></strong></span> 
     </span>
     <span class='ocr_line' id='line_1_21' title="bbox 297 2978 1104 3062; baseline -0.005 -19"><span class='ocrx_word' id='word_1_179' title='bbox 297 2979 529 3043; x_wconf 78' lang='lat' dir='ltr'><strong><em>docent</em></strong></span> <span class='ocrx_word' id='word_1_180' title='bbox 573 2978 732 3042; x_wconf 85' lang='lat' dir='ltr'><strong><em>haee</em></strong></span> <span class='ocrx_word' id='word_1_181' title='bbox 779 2978 1104 3062; x_wconf 85' lang='lat' dir='ltr'><strong><em>exempla:</em></strong></span> 
     </span>
    </p>

    <p class='ocr_par' dir='ltr' id='par_1_8' title="bbox 441 3079 2730 3563">
     <span class='ocr_line' id='line_1_22' title="bbox 441 3079 2556 3165; baseline -0.001 -18"><span class='ocrx_word' id='word_1_182' title='bbox 441 3083 506 3165; x_wconf 88' lang='grc' dir='ltr'><strong><em>α)</em></strong></span> <span class='ocrx_word' id='word_1_183' title='bbox 552 3082 654 3146; x_wconf 91' lang='grc' dir='ltr'><strong><em>ΙΙΙ</em></strong></span> <span class='ocrx_word' id='word_1_184' title='bbox 706 3084 814 3162; x_wconf 90' lang='grc'>19,</span> <span class='ocrx_word' id='word_1_185' title='bbox 881 3083 958 3144; x_wconf 91' lang='grc'><strong><em>14</em></strong></span> <span class='ocrx_word' id='word_1_186' title='bbox 1024 3080 1198 3145; x_wconf 86' lang='lat' dir='ltr'><strong><em>nobis</em></strong></span> <span class='ocrx_word' id='word_1_187' title='bbox 1254 3082 1506 3165; x_wconf 77' lang='lat' dir='ltr'><strong><em>placuit</em></strong></span> <span class='ocrx_word' id='word_1_188' title='bbox 1566 3087 1624 3144; x_wconf 88' lang='lat' dir='ltr'><strong><em>et</em></strong></span> <span class='ocrx_word' id='word_1_189' title='bbox 1683 3079 1829 3143; x_wconf 81' lang='lat' dir='ltr'><strong><em>huic</em></strong></span> <span class='ocrx_word' id='word_1_190' title='bbox 1885 3079 2237 3163; x_wconf 88' lang='lat' dir='ltr'><strong><em>perfectum</em></strong></span> <span class='ocrx_word' id='word_1_191' title='bbox 2302 3080 2556 3146; x_wconf 87' lang='lat' dir='ltr'><strong><em>robur</em></strong></span> 
     </span>
     <span class='ocr_line' id='line_1_23' title="bbox 553 3186 1186 3251; baseline -0.005 0"><span class='ocrx_word' id='word_1_192' title='bbox 553 3186 1186 3251; x_wconf 88' lang='lat' dir='ltr'><strong><em>accommodare.</em></strong></span> 
     </span>
     <span class='ocr_line' id='line_1_24' title="bbox 559 3286 2557 3373; baseline 0.001 -22"><span class='ocrx_word' id='word_1_193' title='bbox 559 3288 588 3351; x_wconf 91' lang='lat' dir='ltr'>I</span> <span class='ocrx_word' id='word_1_194' title='bbox 635 3293 693 3367; x_wconf 90' lang='lat'><strong><em>2,</em></strong></span> <span class='ocrx_word' id='word_1_195' title='bbox 742 3293 776 3354; x_wconf 84' lang='lat'><strong>7</strong></span> <span class='ocrx_word' id='word_1_196' title='bbox 825 3290 1238 3373; x_wconf 77' lang='lat' dir='ltr'><strong><em>maqistratus</em></strong></span> <span class='ocrx_word' id='word_1_197' title='bbox 1282 3288 1426 3351; x_wconf 86' lang='lat' dir='ltr'><strong><em>huic</em></strong></span> <span class='ocrx_word' id='word_1_198' title='bbox 1477 3289 1613 3352; x_wconf 90' lang='lat' dir='ltr'><strong><em>iuri</em></strong></span> <span class='ocrx_word' id='word_1_199' title='bbox 1670 3286 2263 3350; x_wconf 88' lang='lat' dir='ltr'><strong><em>auctoritatem</em></strong></span> <span class='ocrx_word' id='word_1_200' title='bbox 2322 3287 2557 3352; x_wconf 89' lang='lat' dir='ltr'><strong><em>dede-</em></strong></span> 
     </span>
     <span class='ocr_line' id='line_1_25' title="bbox 559 3392 2730 3482; baseline -0 -26"><span class='ocrx_word' id='word_1_201' title='bbox 559 3400 752 3458; x_wconf 87' lang='lat' dir='ltr'><strong><em>runt</em></strong></span> <span class='ocrx_word' id='word_1_202' title='bbox 798 3392 822 3476; x_wconf 79' lang='grc' dir='ltr'>Η</span> <span class='ocrx_word' id='word_1_203' title='bbox 872 3393 941 3457; x_wconf 96' lang='lat' dir='ltr'><strong><em>II</em></strong></span> <span class='ocrx_word' id='word_1_204' title='bbox 987 3394 1098 3469; x_wconf 88' lang='lat'><strong><em>23,</em></strong></span> <span class='ocrx_word' id='word_1_205' title='bbox 1145 3395 1178 3455; x_wconf 82' lang='lat'>7</span> <span class='ocrx_word' id='word_1_206' title='bbox 1248 3398 1697 3475; x_wconf 88' lang='lat' dir='ltr'><strong><em>praestare</em></strong></span> <span class='ocrx_word' id='word_1_207' title='bbox 1771 3410 2013 3455; x_wconf 90' lang='lat' dir='ltr'><strong><em>omnem</em></strong></span> <span class='ocrx_word' id='word_1_208' title='bbox 2084 3393 2557 3456; x_wconf 88' lang='lat' dir='ltr'><strong><em>auctorita·</em></strong></span> <span class='ocrx_word' id='word_1_209' title='bbox 2619 3419 2730 3482; x_wconf 62' lang='lat' dir='ltr'><em>s</em></span> 
     </span>
     <span class='ocr_line' id='line_1_26' title="bbox 556 3505 857 3563; baseline -0.01 -1"><span class='ocrx_word' id='word_1_210' title='bbox 556 3505 702 3563; x_wconf 90' lang='lat' dir='ltr'><strong><em>tem</em></strong></span> <span class='ocrx_word' id='word_1_211' title='bbox 751 3548 764 3561; x_wconf 91' lang='lat'><strong>.</strong></span> <span class='ocrx_word' id='word_1_212' title='bbox 798 3549 809 3561; x_wconf 91' lang='lat'><strong>.</strong></span> <span class='ocrx_word' id='word_1_213' title='bbox 843 3545 857 3559; x_wconf 91' lang='lat'><strong>.</strong></span> 
     </span>
    </p>

    <p class='ocr_par' dir='ltr' id='par_1_9' title="bbox 440 3597 2554 3997">
     <span class='ocr_line' id='line_1_27' title="bbox 440 3597 2553 3683; baseline 0 -19"><span class='ocrx_word' id='word_1_214' title='bbox 440 3602 512 3683; x_wconf 86' lang='grc' dir='ltr'><strong><em>β)</em></strong></span> <span class='ocrx_word' id='word_1_215' title='bbox 559 3601 664 3664; x_wconf 91' lang='lat' dir='ltr'><strong><em>III</em></strong></span> <span class='ocrx_word' id='word_1_216' title='bbox 710 3604 769 3682; x_wconf 88' lang='grc'>9,</span> <span class='ocrx_word' id='word_1_217' title='bbox 803 3602 842 3663; x_wconf 88' lang='grc'>8</span> <span class='ocrx_word' id='word_1_218' title='bbox 879 3606 1142 3682; x_wconf 87' lang='lat' dir='ltr'><strong><em>praetor</em></strong></span> <span class='ocrx_word' id='word_1_219' title='bbox 1190 3649 1203 3663; x_wconf 90' lang='lat'><strong>.</strong></span> <span class='ocrx_word' id='word_1_220' title='bbox 1240 3645 1252 3658; x_wconf 94' lang='lat'><strong><em>.</em></strong></span> <span class='ocrx_word' id='word_1_221' title='bbox 1285 3644 1298 3658; x_wconf 91' lang='lat'><strong><em>.</em></strong></span> <span class='ocrx_word' id='word_1_222' title='bbox 1347 3597 1934 3663; x_wconf 76' lang='lat' dir='ltr'><strong><em>extraordinarium</em></strong></span> <span class='ocrx_word' id='word_1_223' title='bbox 1976 3598 2391 3662; x_wconf 73' lang='lat' dir='ltr'><strong><em>auxilium</em></strong></span> <span class='ocrx_word' id='word_1_224' title='bbox 2439 3649 2451 3664; x_wconf 92' lang='lat'><strong>.</strong></span> <span class='ocrx_word' id='word_1_225' title='bbox 2489 3650 2502 3664; x_wconf 90' lang='lat'><strong>.</strong></span> <span class='ocrx_word' id='word_1_226' title='bbox 2540 3650 2553 3664; x_wconf 90' lang='lat'><strong>.</strong></span> 
     </span>
     <span class='ocr_line' id='line_1_28' title="bbox 555 3704 1221 3768; baseline -0.005 0"><span class='ocrx_word' id='word_1_227' title='bbox 555 3704 1221 3768; x_wconf 81' lang='lat' dir='ltr'><strong><em>accommodavit.</em></strong></span> 
     </span>
     <span class='ocr_line' id='line_1_29' title="bbox 555 3804 2554 3891; baseline -0.002 -19"><span class='ocrx_word' id='word_1_228' title='bbox 555 3808 626 3872; x_wconf 90' lang='lat' dir='ltr'><strong><em>II</em></strong></span> <span class='ocrx_word' id='word_1_229' title='bbox 675 3812 771 3889; x_wconf 90' lang='grc'><strong><em>19,</em></strong></span> <span class='ocrx_word' id='word_1_230' title='bbox 821 3811 856 3871; x_wconf 87' lang='grc'><strong>6</strong></span> <span class='ocrx_word' id='word_1_231' title='bbox 900 3808 1328 3891; x_wconf 84' lang='lat' dir='ltr'><strong><em>praestitit</em></strong></span> <span class='ocrx_word' id='word_1_232' title='bbox 1377 3806 1490 3869; x_wconf 80' lang='lat' dir='ltr'><strong><em>hoc</em></strong></span> <span class='ocrx_word' id='word_1_233' title='bbox 1543 3805 1804 3888; x_wconf 84' lang='lat' dir='ltr'><strong><em>speciali</em></strong></span> <span class='ocrx_word' id='word_1_234' title='bbox 1854 3804 2267 3882; x_wconf 77' lang='lat' dir='ltr'><strong><em>beneficio</em></strong></span> <span class='ocrx_word' id='word_1_235' title='bbox 2306 3804 2331 3886; x_wconf 85' lang='grc' dir='ltr'><strong><em>ΙΙ</em></strong></span> <span class='ocrx_word' id='word_1_236' title='bbox 2371 3807 2467 3887; x_wconf 86' lang='grc'>19,</span> <span class='ocrx_word' id='word_1_237' title='bbox 2517 3808 2554 3869; x_wconf 89' lang='grc'><strong>6</strong></span> 
     </span>
     <span class='ocr_line' id='line_1_30' title="bbox 547 3911 1576 3997; baseline -0.003 -21"><span class='ocrx_word' id='word_1_238' title='bbox 547 3913 1006 3997; x_wconf 80' lang='lat' dir='ltr'><strong><em>praestavit</em></strong></span> <span class='ocrx_word' id='word_1_239' title='bbox 1049 3911 1576 3994; x_wconf 85' lang='lat' dir='ltr'><strong><em>beneficium.</em></strong></span> 
     </span>
    </p>

    <p class='ocr_par' dir='ltr' id='par_1_10' title="bbox 444 4000 2557 4297">
     <span class='ocr_line' id='line_1_31' title="bbox 444 4000 2557 4099; baseline -0.003 -19"><span class='ocrx_word' id='word_1_240' title='bbox 444 4017 506 4099; x_wconf 86' lang='lat' dir='ltr'><strong><em>y)</em></strong></span> <span class='ocrx_word' id='word_1_241' title='bbox 553 4016 649 4080; x_wconf 90' lang='lat' dir='ltr'><strong><em>IV</em></strong></span> <span class='ocrx_word' id='word_1_242' title='bbox 698 4020 757 4097; x_wconf 88' lang='grc'>6,</span> <span class='ocrx_word' id='word_1_243' title='bbox 791 4020 826 4080; x_wconf 87' lang='grc'>5</span> <span class='ocrx_word' id='word_1_244' title='bbox 873 4016 1039 4099; x_wconf 79' lang='lat' dir='ltr'><strong><em>quod</em></strong></span> <span class='ocrx_word' id='word_1_245' title='bbox 1083 4000 1332 4098; x_wconf 54' lang='lat' dir='ltr'><strong><em>oenus</em></strong></span> <span class='ocrx_word' id='word_1_246' title='bbox 1379 4015 1747 4078; x_wconf 88' lang='lat' dir='ltr'><strong><em>actionis</em></strong></span> <span class='ocrx_word' id='word_1_247' title='bbox 1793 4061 1807 4075; x_wconf 92' lang='lat'><strong>.</strong></span> <span class='ocrx_word' id='word_1_248' title='bbox 1843 4062 1857 4077; x_wconf 88' lang='lat'><strong>.</strong></span> <span class='ocrx_word' id='word_1_249' title='bbox 1890 4061 1903 4076; x_wconf 90' lang='lat'><strong>.</strong></span> <span class='ocrx_word' id='word_1_250' title='bbox 1942 4018 2211 4095; x_wconf 87' lang='lat' dir='ltr'><strong><em>praetor.</em></strong></span> <span class='ocrx_word' id='word_1_251' title='bbox 2250 4030 2557 4075; x_wconf 89' lang='lat' dir='ltr'><strong><em>accom-</em></strong></span> 
     </span>
     <span class='ocr_line' id='line_1_32' title="bbox 557 4113 2556 4201; baseline -0.003 -18"><span class='ocrx_word' id='word_1_252' title='bbox 557 4120 853 4201; x_wconf 86' lang='lat' dir='ltr'><strong><em>modat,</em></strong></span> <span class='ocrx_word' id='word_1_253' title='bbox 919 4118 1030 4182; x_wconf 85' lang='lat' dir='ltr'><strong>cfr.</strong></span> <span class='ocrx_word' id='word_1_254' title='bbox 1080 4121 1138 4198; x_wconf 84' lang='lat'><strong><em>6,</em></strong></span> <span class='ocrx_word' id='word_1_255' title='bbox 1197 4121 1308 4200; x_wconf 82' lang='lat'><strong><em>113</em></strong></span> <span class='ocrx_word' id='word_1_256' title='bbox 1372 4123 1428 4197; x_wconf 88' lang='grc'>7,</span> <span class='ocrx_word' id='word_1_257' title='bbox 1476 4121 1536 4183; x_wconf 88' lang='lat'><strong><em>3.</em></strong></span> <span class='ocrx_word' id='word_1_258' title='bbox 1627 4117 1705 4181; x_wconf 90' lang='lat' dir='ltr'><strong><em>In</em></strong></span> <span class='ocrx_word' id='word_1_259' title='bbox 1752 4116 1909 4180; x_wconf 87' lang='lat' dir='ltr'><strong><em>libro</em></strong></span> <span class='ocrx_word' id='word_1_260' title='bbox 1959 4115 1991 4179; x_wconf 96' lang='lat' dir='ltr'>I</span> <span class='ocrx_word' id='word_1_261' title='bbox 2037 4122 2250 4181; x_wconf 85' lang='lat' dir='ltr'><strong><em>autem</em></strong></span> <span class='ocrx_word' id='word_1_262' title='bbox 2296 4113 2556 4177; x_wconf 80' lang='lat' dir='ltr'><strong><em>dicitur:</em></strong></span> 
     </span>
     <span class='ocr_line' id='line_1_33' title="bbox 558 4221 2099 4297; baseline -0.003 -10"><span class='ocrx_word' id='word_1_263' title='bbox 558 4224 594 4287; x_wconf 95' lang='grc' dir='ltr'>Ι</span> <span class='ocrx_word' id='word_1_264' title='bbox 639 4226 740 4297; x_wconf 81' lang='lat'><strong><em>24,</em></strong></span> <span class='ocrx_word' id='word_1_265' title='bbox 788 4224 826 4284; x_wconf 90' lang='grc'>2</span> <span class='ocrx_word' id='word_1_266' title='bbox 870 4222 1258 4287; x_wconf 89' lang='lat' dir='ltr'><strong><em>subsidiaria</em></strong></span> <span class='ocrx_word' id='word_1_267' title='bbox 1305 4223 1522 4287; x_wconf 90' lang='lat' dir='ltr'><strong><em>actio</em></strong></span> <span class='ocrx_word' id='word_1_268' title='bbox 1569 4221 1826 4284; x_wconf 85' lang='lat' dir='ltr'><strong><em>datur</em></strong></span> <span class='ocrx_word' id='word_1_269' title='bbox 1868 4221 1937 4283; x_wconf 90' lang='lat' dir='ltr'><strong><em>in</em></strong></span> <span class='ocrx_word' id='word_1_270' title='bbox 1981 4238 2099 4283; x_wconf 90' lang='lat' dir='ltr'><strong><em>eos.</em></strong></span> 
     </span>
    </p>

    <p class='ocr_par' dir='ltr' id='par_1_11' title="bbox 447 4318 2559 4612">
     <span class='ocr_line' id='line_1_34' title="bbox 447 4318 2559 4409; baseline -0.004 -17"><span class='ocrx_word' id='word_1_271' title='bbox 447 4327 513 4409; x_wconf 76' lang='grc' dir='ltr'><strong><em>δ’)</em></strong></span> <span class='ocrx_word' id='word_1_272' title='bbox 558 4326 656 4391; x_wconf 88' lang='lat' dir='ltr'><strong><em>IV</em></strong></span> <span class='ocrx_word' id='word_1_273' title='bbox 711 4331 802 4408; x_wconf 82' lang='grc'>14,</span> <span class='ocrx_word' id='word_1_274' title='bbox 835 4330 874 4389; x_wconf 88' lang='grc'>4</span> <span class='ocrx_word' id='word_1_275' title='bbox 919 4328 1444 4409; x_wconf 78' lang='lat' dir='ltr'><strong><em>eaeceptiones</em></strong></span> <span class='ocrx_word' id='word_1_276' title='bbox 1656 4322 2272 4387; x_wconf 86' lang='lat' dir='ltr'><strong><em>accommodari</em></strong></span> <span class='ocrx_word' id='word_1_277' title='bbox 2324 4318 2559 4405; x_wconf 72' lang='lat' dir='ltr'><strong><em>sotentss</em></strong></span> 
     </span>
     <span class='ocr_line' id='line_1_35' title="bbox 565 4425 2557 4523; baseline -0.001 -28"><span class='ocrx_word' id='word_1_278' title='bbox 565 4435 662 4514; x_wconf 90' lang='grc'><strong><em>14,</em></strong></span> <span class='ocrx_word' id='word_1_279' title='bbox 706 4434 744 4493; x_wconf 89' lang='grc'>4</span> <span class='ocrx_word' id='word_1_280' title='bbox 789 4431 1094 4515; x_wconf 82' lang='lat' dir='ltr'><strong><em>quaedam</em></strong></span> <span class='ocrx_word' id='word_1_281' title='bbox 1138 4431 1669 4523; x_wconf 78' lang='lat' dir='ltr'><strong><em>exceptiones</em></strong></span> <span class='ocrx_word' id='word_1_282' title='bbox 1708 4448 1839 4503; x_wconf 83' lang='lat' dir='ltr'><strong><em>non</em></strong></span> <span class='ocrx_word' id='word_1_283' title='bbox 1870 4428 2065 4499; x_wconf 83' lang='lat' dir='ltr'><strong><em>solent</em></strong></span> <span class='ocrx_word' id='word_1_284' title='bbox 2110 4425 2210 4503; x_wconf 78' lang='lat' dir='ltr'><strong><em>his</em></strong></span> <span class='ocrx_word' id='word_1_285' title='bbox 2256 4446 2557 4501; x_wconf 82' lang='lat' dir='ltr'><strong><em>accom-</em></strong></span> 
     </span>
     <span class='ocr_line' id='line_1_36' title="bbox 559 4534 912 4612; baseline -0.011 -11"><span class='ocrx_word' id='word_1_286' title='bbox 559 4534 912 4612; x_wconf 55' lang='lat' dir='ltr'><strong><em>modari</em></strong></span> 
     </span>
    </p>
   </div>
   <div class='ocr_carea' id='block_1_8' title="bbox 3137 242 3144 1005">
    <p class='ocr_par' dir='ltr' id='par_1_12' title="bbox 3137 242 3144 1005">
     <span class='ocr_line' id='line_1_37' title="bbox 3137 242 3144 1005; baseline 0 0"><span class='ocrx_word' id='word_1_287' title='bbox 3137 242 3144 1005; x_wconf 95' lang='lat' dir='ltr'><strong><em> </em></strong></span> 
     </span>
    </p>
   </div>
  </div>
 </body>
</html>
