3150 5259
589 487 629 548 4
1652 478 1791 561 [54]

791 673 974 738 Haec
1021 672 1228 737 omnia
1257 691 1655 756 quamquam
1701 678 1859 736 nota
1902 678 2051 735 sunt
2110 671 2209 735 vel
2254 672 2467 759 potius
2512 678 2665 736 nota
2710 693 2857 737 esse

586 778 926 859 debebant,
973 784 1188 842 tamen
1224 774 1557 839 Conradus
1591 776 1863 840 Bursian
1909 776 1973 838 in
2017 775 2198 856 libro,
2234 797 2421 861 quem
2468 797 2634 840 anno
2689 779 2851 840 1883

584 882 666 947 de
710 882 976 947 historia
1022 880 1412 966 philologiae
1443 880 1508 943 in
1545 878 1885 943 Germania
1917 879 2123 943 cultae
2168 881 2543 965 composuit,
2590 882 2851 965 egregia

583 1006 746 1071 quae
811 1007 849 1048 a
916 985 1136 1068 paucis
1180 983 1302 1047 illis
1345 983 1690 1068 philologis
1738 984 2071 1049 Germanis
2119 986 2181 1047 in
2228 984 2671 1049 iureconsultis
2716 984 2851 1047 Ro-

582 1091 788 1155 manis
837 1091 1148 1153 collocata
1190 1094 1340 1152 sunt
1385 1087 1597 1151 studia
1641 1088 1740 1152 vel
1776 1087 2026 1152 silentio
2074 1089 2401 1172 praeteriit
2444 1089 2546 1153 vel
2592 1088 2850 1153 brevius

585 1214 775 1279 quam
820 1214 938 1278 par
981 1192 1103 1256 fuit
1149 1192 1685 1255 commemoravit.
1778 1192 1921 1265 Quo
1970 1192 2214 1257 silentio
2275 1213 2657 1277 quamquam
2703 1212 2848 1275 ege,

581 1298 690 1381 qui
735 1297 854 1359 tiro
901 1318 1041 1361 sum
1069 1296 1234 1361 inter
1264 1296 1639 1382 philologos,
1672 1296 2038 1361 deterrebar
2078 1296 2178 1359 vel
2212 1296 2432 1359 mirum
2480 1296 2545 1359 in
2578 1295 2839 1359 modum

581 1400 1050 1479 commovebar,
1081 1408 1295 1465 tamen
1332 1421 1471 1463 cum
1505 1400 1937 1464 Guilelmus
1988 1398 2463 1463 Studemund
2510 1401 2570 1463 in
2615 1399 2847 1463 scholis

581 1502 660 1567 de
688 1503 850 1568 Gaio
874 1510 936 1568 et
956 1504 1035 1568 de
1051 1504 1403 1568 litterarum
1428 1503 1866 1569 Romanarum
1892 1504 2153 1567 historia
2173 1502 2588 1587 Argentorati
2612 1503 2847 1569 habitis

577 1606 928 1672 identidem
972 1628 1091 1672 nos
1136 1608 1473 1684 monuerit,
1521 1614 1593 1671 ut
1638 1608 1947 1671 sermonis
1991 1606 2567 1671 iureconsultorum
2609 1604 2847 1672 Roma-

576 1731 808 1775 norum
850 1712 1348 1796 proprietatibus
1393 1710 1774 1795 indagandis
1822 1731 2083 1795 operam
2130 1710 2578 1791 navaremus1,
2638 1712 2719 1775 ab
2766 1732 2843 1775 eo

578 1814 750 1899 quod
811 1816 961 1879 olim
1019 1817 1160 1901 cepi
1220 1816 1482 1881 consilio
1541 1816 1853 1881 desistere
1913 1815 2091 1893 nolo,
2150 1822 2223 1880 ut
2287 1814 2603 1878 desertum
2666 1816 2847 1880 illum

579 1918 946 2005 disciplinae
991 1919 1416 2003 philologicae
1463 1940 1757 2005 campum
1792 1919 2010 1983 colam.
2070 1916 2234 1981 Nam
2280 1939 2405 2001 quo
2453 1921 2845 1983 constantius

579 2023 900 2107 quandam
963 2023 1270 2089 sermonis
1346 2024 1689 2107 puritatem
1759 2030 2177 2087 servaverunt
2251 2024 2439 2087 etiam
2512 2023 2844 2087 Iustiniani

579 2128 878 2211 aequales
937 2127 1346 2193 iureconsulti
1402 2125 1715 2209 Romani,
1778 2147 1853 2191 eo
1916 2126 2145 2192 certior
2205 2148 2351 2211 spes
2411 2132 2507 2190 est
2569 2126 2705 2191 fore
2771 2134 2844 2191 ut

577 2229 915 2315 diligenter
963 2233 1302 2297 observata
1346 2232 1652 2316 cuiusque
1682 2231 2097 2295 iureconsulti
2129 2229 2420 2293 dictionis
2449 2231 2840 2313 proprietate

575 2354 705 2398 non
749 2334 956 2399 solum
1003 2335 1129 2399 loci
1175 2336 1238 2399 in
1273 2335 1595 2400 codicibus
1641 2335 1950 2399 librorum
1982 2334 2227 2398 iuridici
2257 2318 2621 2418 argumenti
2652 2335 2838 2419 culpa

573 2438 975 2503 librariorum
1034 2437 1369 2523 depravati
1423 2440 1857 2523 corrigantur,
1916 2438 2032 2504 sed
2094 2439 2285 2503 etiam
2344 2459 2419 2502 ea
2485 2437 2840 2521 fragmenta

572 2540 821 2605 iuridici
865 2544 1244 2626 argumenti,
1293 2563 1457 2629 quae
1503 2552 1616 2608 aut
1661 2542 1821 2607 falso
1870 2549 1981 2607 aut
2027 2543 2181 2608 nulli
2212 2543 2457 2606 auctori
2501 2542 2563 2605 in
2612 2542 2838 2607 codici·

578 2644 694 2709 bus
739 2646 1128 2727 tribuuntur,
1174 2653 1346 2711 certo
1395 2647 1584 2712 alicui
1630 2648 1874 2713 auctori
1936 2646 2239 2712 vindicari
2296 2647 2562 2731 possint.
2654 2645 2841 2721 Quod

573 2768 762 2833 quam
805 2769 960 2815 vere
1006 2750 1296 2831 dixerim,
1341 2751 1405 2815 in
1455 2774 1532 2817 ea
1579 2773 1745 2837 quae
1788 2754 1916 2817 iam
1960 2753 2249 2838 sequitur
2309 2751 2840 2815 commentatione

572 2851 1012 2918 demonstrare
1083 2855 1396 2935 conabor,
1462 2855 1527 2919 in
1596 2877 1723 2941 qua
1798 2856 2126 2940 ingeniosa
2197 2855 2399 2920 fretus
2467 2854 2839 2938 Philippi

571 2954 843 3020 Eduar
863 2955 940 3020 di
997 2956 1425 3023 Huschkii
1487 2961 1851 3024 coniectura
1907 2960 2271 3041 ostendam,
2332 2958 2669 3042 diligenter
2730 2958 2838 3022 ob·

570 3067 826 3125 servata
871 3062 1176 3126 sermonis
1222 3064 1611 3148 proprietate
1672 3048 1906 3147 corpus
1950 3064 2440 3129 Iustinianarum
2486 3062 2838 3127 Institutio-

570 3186 741 3243 num,
786 3164 956 3250 quod
1016 3174 1314 3250 quattuor
1368 3167 1563 3233 libros
1614 3168 2089 3253 complectitur,
2136 3168 2227 3232 ita
2274 3191 2353 3233 ex
2401 3166 2650 3231 duabus
2696 3185 2837 3251 par-

571 3269 738 3333 tibus
785 3275 1119 3334 consutum
1167 3293 1338 3353 esse,
1386 3279 1457 3336 ut
1505 3273 1586 3336 ab
1634 3272 1837 3337 altero
1885 3273 2316 3336 iureconsulto
2381 3271 2516 3356 (qui
2573 3270 2837 3334 Doro-

571 3370 811 3436 theus
870 3372 1366 3459 Berytensis
1427 3374 1624 3441 fuisse
1686 3374 1971 3457 videtur)
2034 3375 2175 3440 libri
2238 3376 2269 3438 I
2314 3381 2377 3439 et
2424 3372 2488 3437 II
2544 3394 2663 3438 nec
2708 3393 2832 3435 non

567 3470 685 3538 IV¹
727 3474 948 3541 titulus
993 3477 1304 3560 ultimus‚2
1349 3478 1430 3541 ab
1477 3479 1679 3545 altero
1712 3480 1852 3563 (qui
1884 3479 2391 3563 Theophilus
2438 3478 2834 3543 Constan-

566 3576 1186 3663 tinopolitanus
1263 3580 1458 3647 fuisse
1524 3584 1802 3664 videtur)
1869 3583 2011 3648 libri
2079 3584 2182 3647 III
2253 3590 2316 3648 et
2384 3581 2482 3647 IV
2556 3584 2834 3668 (praeter

565 3682 856 3747 ultimum
912 3683 1196 3767 titulum)
1255 3686 1829 3753 conscriberentur.
1918 3686 2091 3752 Usus
2148 3696 2363 3753 autem
2426 3708 2566 3752 sum
2619 3688 2683 3751 in
2729 3688 2833 3752 In-

771 3927 790 3961 1
829 3926 930 3979 cfr.
992 3928 1154 3980 etiam
1216 3928 1773 3983 Studemundum
1834 3930 1890 3982 in
1930 3930 2257 4003 Woelfflinii
2308 3928 2528 3983 ‘Archiv
2590 3931 2680 3984 fiir
2741 3934 2830 3985 lat.

563 4010 1021 4078 Lexikographie'
1073 4015 1178 4066 vol.
1233 4016 1260 4067 I
1307 4032 1431 4082 pag.
1473 4016 1570 4069 114
1619 4031 1698 4084 sq.
1741 4044 1801 4053 —-
1849 4018 2055 4069 Ibidem
2106 4015 2253 4083 (pag.
2303 4014 2560 4083 82-92)
2611 4018 2677 4071 de
2728 4019 2830 4072 Gai

565 4094 784 4150 dicendi
822 4114 923 4150 usu
959 4105 1124 4169 atque
1162 4103 1468 4155 elocutione
1507 4104 1746 4155 breviter
1784 4106 2053 4156 nonnulla
2088 4104 2181 4157 sed
2210 4106 2344 4157 scite
2372 4106 2623 4171 exposuit
2660 4122 2833 4173 nuper

565 4183 961 4238 Guilelmus
999 4187 1176 4241 Kalb
1215 4186 1394 4241 ‘ueber
1433 4188 1522 4241 die
1560 4188 1861 4242 Latinitaet
1900 4190 1996 4242 des
2026 4191 2275 4243 Juristen
2318 4189 2521 4244 Gaius'.

769 4272 792 4306 2
829 4272 1172 4342 Ubicumque
1212 4276 1263 4327 in
1303 4280 1567 4328 contextu
1604 4277 1767 4328 huius
1806 4293 1948 4345 quae
1976 4278 2220 4345 sequitur
2258 4279 2734 4330 commentationis
2763 4278 2831 4331 de

561 4355 702 4408 libro
740 4355 820 4408 IV
858 4358 1057 4424 agitur,
1095 4360 1496 4425 intelleguntur
1534 4363 1682 4415 tituli
1709 4362 1975 4415 I—XVII
2000 4363 2127 4416 libri
2151 4362 2233 4415 IV
2258 4374 2489 4431 excepto
2529 4381 2637 4417 uno
2666 4366 2829 4418 titulo

563 4441 756 4495 XVIII
793 4443 826 4495 i.
863 4459 910 4498 e.
950 4446 1160 4515 ultimo,
1197 4447 1350 4502 cuius
1389 4448 1455 4504 de
1495 4440 1895 4523 compositione
1944 4451 2000 4503 in
2056 4450 2164 4505 fine
2216 4455 2516 4519 separatim
2565 4453 2693 4503 mihi
2748 4452 2829 4504 di-

564 4529 798 4587 cendum
839 4532 961 4591 erit.
