3150 5259
1369 523 1504 608 [57]
2442 566 2448 572 ·
2520 528 2554 589 ⁷

292 720 397 799 58,
454 723 505 799 l,
552 738 643 802 pr.
705 718 832 781 nisi
890 719 1312 781 iuramentum
1370 718 1946 798 praestaverit
1996 713 2019 797 ΙΙ
2069 718 2182 795 58,
2242 718 2307 792 2,
2354 718 2437 779 3·
2498 716 2555 777 si

292 823 716 887 iuramentum
798 821 1344 903 praestiterit
1389 820 1414 900 Η
1476 817 1537 882 V
1613 822 1731 901 27,
1809 822 1921 903 11,
1993 839 2088 903 pr.
2176 820 2556 883 occasionem

288 927 895 1009 praestiterunt
927 924 952 1004 ΙΙ
984 922 1078 987 VI
1125 927 1226 1002 22,
1275 927 1354 989 12
1399 925 1849 989 immunitatem
1893 924 2379 1007 praestavit.

497 1029 561 1109 3)
597 1029 864 1112 perinde
911 1079 925 1094 .
961 1078 975 1093 .
1009 1079 1022 1092 .
1071 1049 1146 1091 ac
1191 1030 1249 1093 si
1293 1029 1438 1111 (pro
1467 1029 1729 1111 perinde
1775 1026 1881 1111 ac)
1927 1028 1962 1092 I
1995 1030 2097 1112 12,
2130 1032 2195 1107 13
2243 1026 2310 1091 II
2364 1030 2417 1109 1,
2443 1029 2553 1107 333

297 1136 392 1215 12,
418 1154 539 1217 pr.;
587 1132 690 1213 23,
722 1136 760 1197 6
811 1138 1184 1217 usurpatum
1230 1138 1451 1196 extare
1497 1131 1809 1197 Huschke
1855 1133 2011 1197 scite
2055 1130 2552 1195 animadvertit.¹

290 1236 366 1301 Id
427 1258 620 1301 unum
683 1235 885 1318 addc,
945 1235 1014 1299 II
1075 1238 1190 1315 23,
1238 1241 1276 1302 5
1339 1232 1456 1318 (τ-
1513 1234 1636 1299 Gai
1692 1236 1836 1301 inst.
1887 1234 1954 1299 II
2001 1232 2157 1318 254)
2222 1254 2554 1299 occurrere

286 1340 550 1423 perinde
597 1391 611 1405 .
647 1389 660 1402 .
695 1390 708 1404 .
759 1346 946 1423 atque
986 1339 1428 1404 coniunctione
1474 1341 1532 1403 si
1573 1360 1701 1403 non
1750 1338 1986 1403 addita.

495 1443 563 1522 4)
611 1436 872 1526 Legitur
929 1443 998 1506 ΙΙ
1060 1446 1096 1506 5
1119 1494 1136 1525 ,
1203 1446 1268 1507 2:
1335 1443 1494 1507 Item
1551 1445 1609 1507 is
1664 1444 1773 1527 qui
1823 1443 2080 1514 ,aedium
2136 1462 2319 1505 usum
2374 1441 2554 1506 habet

289 1547 381 1611 ha
405 1553 642 1611 ctenu
663 1567 694 1610 s
737 1548 954 1610 'iuris
996 1545 1218 1610 habere
1261 1548 1675 1631 intelleqitur,
1732 1554 1803 1611 ut
1848 1544 1979 1629 ips‘e
2026 1552 2271 1611 tantum
2324 1545 2554 1609 habitet

287 1650 351 1713 id
379 1658 474 1715 est
499 1650 588 1713 ‘eo
617 1672 820 1734 usque
841 1650 1078 1713 habere
1103 1650 1492 1734 intellegitur
1515 1647 1910 1734 potestatem'
1929 1647 2173 1733 (μέχρι
2204 1648 2551 1713 τοσούτου

287 1760 505 1817 νοεῖται
559 1754 894 1837 παρρησίαν
940 1752 1139 1843 ὲῇςειν).
1244 1754 1436 1817 Hunc
1498 1776 1685 1819 usum
1743 1754 1914 1819 vocis
1967 1755 2303 1836 hactenus,
2365 1760 2435 1818 ut
2495 1754 2552 1816 ei

287 1857 618 1941 genetivus
663 1856 1066 1941 adiungatur,
1129 1857 1191 1920 in
1238 1857 1693 1940 posterioribus
1747 1857 1921 1921 libris
1979 1858 2213 1921 frustra
2262 1876 2549 1941 quaeras.

286 1960 432 2024 Uno
483 1981 606 2045 quo
653 1960 718 2022 in
763 1960 860 2024 his
907 1966 1085 2024 extat
1129 1960 1266 2023 loco
1313 1959 1416 2023 III
1464 1962 1521 2041 6,
1571 1964 1605 2024 7
1672 1960 1985 2044 significat
2030 1957 2247 2043 ‘usque
2305 1958 2387 2023 ad
2432 1960 2551 2023 hos

286 2063 575 2147 gradus'3
644 2062 905 2145 singulis
967 2063 1134 2127 enim
1193 2100 1272 2109 —-
1310 2069 1486 2127 sunt
1546 2070 1760 2127 autem
1824 2084 1937 2129 sex
2008 2104 2085 2113 --
2149 2062 2551 2145 cognationis

287 2165 588 2250 gradibus
649 2166 1034 2230 enumeratis
1109 2167 1232 2229 hoc
1308 2165 1498 2231 modo
1559 2168 1774 2251 pergit
1838 2168 2071 2231 oratio:
2156 2167 2253 2231 ha
2274 2174 2550 2233 ctenus

291 2271 628 2335 ostendisse
687 2270 991 2353 sufficiet,
1037 2271 1552 2354 quemadmodum
1613 2272 1860 2355 qradus
1907 2273 2298 2355 manationis
2341 2290 2550 2335 nume-

291 2381 514 2440 rentur
570 2374 776 2453 (ἀρκεῖ
822 2372 1062 2455 μέχρι
1123 2372 1416 2438 τούτων
1471 2374 1800 2452 ἀποδεῖξαι,
1865 2379 1997 2439 τίνα
2057 2373 2284 2455 τρόπον
2340 2376 2395 2437 οἱ
2441 2376 2549 2457 τῆς

289 2477 633 2560 συγγενείας
670 2475 1080 2558 ἀριθμοῦνται
1124 2477 1416 2561 βαθμοί).
1549 2478 1556 2482 ’

493 2581 559 2664 6)
607 2582 874 2664 Legitur
905 2581 938 2644 I
973 2584 1006 2644 7
1040 2572 2021 2665 libertatibus'impedientem
2052 2588 2114 2646 et
2144 2583 2548 2667 impediat

283 2685 590 2768 libertati,
649 2686 759 2749 ubi
815 2686 1116 2769 impedire
1176 2685 1342 2750 idem
1405 2687 1719 2770 significat
1780 2694 1973 2771 atque
2035 2687 2311 2769 obstare,
2374 2687 2547 2772 quod

289 2790 587 2871 verbum,
663 2810 803 2853 cum
881 2790 944 2851 in
1024 2790 1338 2873 prioribus
1413 2790 1587 2855 libris
1666 2790 1863 2872 desit,
1947 2791 2011 2854 in
2086 2791 2546 2875 posterioribus

283 2892 506 2958 eodem
551 2915 742 2957 sensu
791 2916 914 2979 quo
959 2894 1114 2957 illud
1158 2895 1459 2977 impedire
1506 2902 1883 2980 usurpatur:
1953 2894 2059 2959 III
2110 2900 2171 2978 1,
2224 2897 2300 2959 13
2346 2898 2404 2959 si
2445 2916 2547 2959 ne-

283 3018 397 3081 que
441 2999 544 3061 sui
584 2997 835 3061 heredes
878 2997 1058 3065 liberi
1100 3018 1292 3084 neque
1335 3000 1719 3083 emancipati
1762 2999 2076 3065 obstent
2124 3006 2187 3063 et
2233 2998 2330 3062 IV
2381 3002 2479 3078 13,
2506 3002 2543 3062 9

283 3102 663 3183 exceptiones
707 3122 864 3185 quae
895 3123 1135 3185 semper
1168 3103 1492 3188 aqentibus
1525 3103 1608 3168 ob
1628 3110 1869 3168 stant.
1929 3104 2216 3167 Verbum
2246 3104 2547 3187 impedire

282 3210 499 3268 autem
547 3226 689 3269 cum
734 3204 947 3269 dativo
997 3207 1402 3271 coniunctum
1434 3209 1498 3271 in
1544 3207 1717 3271 libris
1763 3208 1867 3271 III
1901 3214 1963 3271 et
1992 3207 2089 3272 IV
2122 3230 2243 3273 non
2287 3209 2542 3293 legitur.

1346 3413 1485 3495 §a

489 3548 677 3614 Haec
722 3552 1014 3635 exempla
1058 3551 1370 3617 delibasse
1418 3556 1519 3617 vel
1565 3555 1778 3638 potius
1838 3554 2147 3620 indicasse
2210 3564 2543 3623 contentus

283 3660 422 3717 erat
468 3654 804 3737 Huschke,
863 3661 933 3718 ut
990 3655 1293 3740 probaret
1354 3658 1542 3721 etiam
1588 3659 1650 3722 in
1700 3680 1821 3723 usu
1864 3659 2161 3744 loquendi
2205 3662 2540 3747 utriusque

279 3759 479 3841 'partis
526 3757 944 3822 differentiam
989 3760 1186 3823 statui
1228 3780 1418 3843 posse
1466 3761 1560 3846 (in
1606 3762 1999 3847 praefatione
2045 3785 2189 3849 pag.
2234 3764 2383 3846 IX).

488 3859 688 3924 Nobis
747 3882 916 3925 nunc
956 3863 1398 3947 inquirendum
1464 3872 1592 3947 est,
1656 3888 1807 3930 num
1854 3866 2334 3933 Institutionum
2390 3893 2541 3937 usus

278 3963 580 4047 loquendi
626 3967 922 4031 maiorem
969 3968 1409 4052 exemplorum
1458 3971 1703 4055 copiam
1737 3970 2058 4055 exhibeat,
2106 3974 2331 4057 quibus
2378 3996 2541 4059 quae

279 4067 594 4133 Huschke
641 4071 862 4133 statuit
894 4071 1364 4137 confirmentur.
1439 4072 1631 4139 Oerte
1663 4096 1781 4138 nec
1810 4076 2092 4140 sterilem
2117 4098 2235 4140 nec
2262 4077 2539 4142 ieiunam

278 4172 441 4236 hanc
502 4176 832 4237 materiam
879 4175 1183 4259 selegisse
1229 4176 1412 4239 nobis
1459 4178 1762 4262 videmur,
1808 4180 1872 4243 in
1922 4200 2049 4265 qua
2107 4181 2327 4245 tironis
2377 4182 2537 4247 vires

280 4297 735 4361 experiremur.

485 4490 501 4522 ¹
542 4489 640 4540 cfr.
682 4490 845 4540 etiam
886 4478 1316 4543 Studemundum
1367 4493 1420 4543 in
1472 4495 1817 4560 praefatione
1867 4493 1938 4547 ad
1978 4497 2080 4549 Gai
2125 4498 2533 4550 Institutionum

282 4573 573 4627 editionem
614 4575 839 4627 alteram
879 4574 953 4643 (a.
995 4576 1152 4643 1884)
1190 4593 1314 4644 pag.
1352 4580 1447 4631 XI.
