3150 5259
665 490 742 551 14
1729 478 1865 564 [64]

863 676 940 740 In
999 674 1214 760 priore
1256 673 1742 737 Institutionum
1785 676 1967 755 parte
2010 672 2329 757 signifieat
2377 692 2511 737 rem
2550 670 2943 737 familiarem

656 782 787 847 sive
845 779 1328 865 patrimonium:
1393 778 1428 841 I
1489 779 1607 859 20,
1669 779 1707 840 4
1754 777 1811 840 si
1851 796 1977 839 non
2022 776 2151 839 sint
2200 797 2473 860 maqnae
2509 778 2744 860 pupilli
2777 776 2941 859 fa-

659 883 1071 961 cultatesn
1102 880 1135 944 I
1181 882 1283 961 20,
1331 883 1368 943 5
1414 880 1470 943 si
1510 880 1917 960 facultas
1952 880 2190 963 pupilli
2230 880 2322 943 vel
2366 878 2572 942 adulti
2615 898 2807 963 usque
2837 880 2945 943 acl

655 989 722 1053 D
753 987 986 1053 solidos
1027 985 1254 1050 valeat.
1318 984 1639 1049 Potestati
1668 993 1884 1048 autem
1930 982 2247 1049 notandae
2292 982 2552 1046 inservit
2596 982 2661 1045 in
2705 983 2935 1067 priore

652 1092 1134 1159 Institutionum
1195 1096 1376 1173 parte
1429 1089 1815 1153 vocabulum
1874 1089 2165 1152 licentia:
2212 1087 2281 1151 ΙΙ
2328 1089 2388 1169 9,
2441 1092 2467 1150 1
2520 1094 2591 1151 ut
2635 1094 2788 1151 esset
2832 1087 2935 1151 eis

655 1198 1018 1263 licentia
1080 1242 1094 1256 .
1129 1244 1142 1256 .
1176 1238 1189 1255 .
1255 1193 1494 1257 donare
1539 1192 1633 1255 vel
1677 1193 1937 1278 vendere!
1965 1192 1987 1272 Η
2019 1192 2090 1256 II
2154 1195 2212 1270 9,
2261 1194 2300 1255 2
2357 1198 2608 1276 partem
2670 1194 2939 1256 tertiam

653 1304 920 1366 retinere
950 1349 967 1365 .
1001 1348 1014 1363 .
1047 1347 1064 1363 .
1113 1297 1415 1363 licenti
1435 1318 1553 1360 am
1594 1295 1853 1360 habebat
1884 1294 1907 1379 ΙΙ
1941 1295 2011 1360 ΙΙ
2048 1300 2143 1376 11,
2176 1300 2213 1360 6
2249 1298 2427 1361 cuius
2462 1296 2935 1360 constitutionis

653 1415 863 1471 tenore
900 1408 1222 1487 perspecto
1267 1402 1334 1465 li
1353 1422 1486 1464 cen
1508 1402 1575 1463 ti
1594 1422 1635 1463 a
1682 1408 1770 1464 est
1814 1401 1975 1465 nihil
2005 1421 2219 1465 eorum
2250 1420 2409 1486 quae
2440 1400 2525 1464 ad
2547 1400 2937 1484 praefatum

653 1511 756 1573 ius
798 1508 1108 1591 pertinent
1149 1508 1456 1589 iqnorare
1487 1501 1511 1585 ΙΙ
1545 1504 1616 1567 II
1650 1506 1750 1581 10,
1804 1505 1883 1570 10
1926 1506 2354 1569 licentiam
2400 1505 2791 1569 concedimus
2823 1555 2838 1569 .
2870 1554 2888 1569 .
2917 1554 2935 1569 .

654 1612 1005 1677 testimonia
1040 1614 1380 1693 praestare
1410 1607 1434 1689 ΙΙ
1466 1606 1535 1670 II
1567 1609 1673 1688 20,
1706 1609 1788 1671 23
1826 1607 1983 1672 data
2012 1615 2101 1672 est
2144 1609 2207 1672 li
2220 1609 2491 1673 centia
2543 1659 2556 1673 .
2595 1660 2608 1673 .
2644 1658 2657 1672 .
2706 1616 2935 1691 optare

657 1714 966 1799 (δέδωκε
1009 1711 1127 1793 γάρ
1172 1711 1681 1793 παρρησίαν).
1749 1710 1903 1775 Vox
1948 1713 2205 1777 licentia
2246 1713 2310 1776 in
2356 1711 2530 1777 libris
2579 1710 2684 1775 III
2728 1718 2795 1776 et
2825 1712 2934 1776 IV

655 1842 784 1885 non
840 1817 1097 1901 legitur,
1157 1816 1336 1880 ouius
1396 1815 1532 1878 vioe
1596 1815 1681 1879 ibi
1749 1823 2094 1900 usurpatur
2139 1816 2243 1880 III
2290 1820 2362 1898 9,
2410 1820 2448 1881 5
2512 1823 2737 1881 nostra
2784 1837 2932 1881 con-

653 1925 895 1988 stitutio
941 1969 956 1984 .
992 1971 1006 1984 .
1039 1969 1053 1984 .
1101 1920 1654 1983 manumissionem
1690 1920 1923 2003 facere
1985 1920 2207 1984 dedit
2266 1918 2586 2005 (δέδωκε
2634 1918 2703 1983 τὸ
2758 1922 2930 1984 ἕλευ-

657 2023 915 2105 θεροῦν)
947 2022 974 2105 ῃ
1010 2022 1109 2087 III
1161 2026 1257 2101 12,
1304 2044 1398 2106 pr.
1450 2023 1863 2087 creditoribus
1929 2024 2189 2088 datur
2236 2070 2249 2087 .
2283 2076 2297 2090 .
2332 2072 2347 2087 .
2393 2023 2551 2087 bona
2604 2024 2932 2107 possidere

659 2125 1000 2203 (δέδοται
1045 2132 1172 2203 τοῖς
1215 2126 1568 2209 κρειῖίτωρσι
1614 2126 2078 2210 παρρησία).

862 2235 923 2295 4.
1015 2230 1424 2304 Quaestionis
1471 2228 1552 2292 ad
1598 2230 1695 2293 ius
1741 2230 2116 2313 pertinentis
2168 2230 2481 2315 'expositio
2534 2231 2596 2295 in
2649 2232 2816 2295 libro‘
2860 2230 2929 2292 II

655 2354 816 2399 voce
860 2340 1174 2398 tractatus
1206 2334 1614 2416 exprimitur:
1650 2330 1719 2397 Π
1751 2336 1853 2413 20,
1886 2337 1965 2398 23
2014 2340 2070 2398 et
2100 2334 2495 2419 diliqentiore
2539 2342 2617 2399 tr
2637 2341 2929 2398 aetatu

653 2438 862 2503 habito
923 2444 979 2502 et
1038 2436 1152 2501 hoc
1217 2438 1286 2500 in
1347 2443 1570 2501 nostra
1638 2438 2074 2502 constitutione
2136 2438 2426 2502 additum
2472 2446 2576 2504 est.
2676 2437 2922 2502 Eadem

653 2543 717 2607 vi
745 2541 1032 2626 fungitur
1075 2539 1139 2603 id
1170 2540 1556 2605 vocabulum
1591 2540 1762 2626 apud
1811 2542 2303 2626 compositorem
2348 2541 2659 2606 librorum
2707 2540 2812 2605 III
2860 2547 2922 2606 et

652 2646 770 2725 IV,
830 2646 939 2731 qui
997 2652 1335 2731 praeterea
1396 2632 1668 2729 usurpat
1729 2666 1963 2729 sermO,
2029 2667 2155 2730 quo
2215 2646 2388 2732 prior
2447 2646 2919 2711 Institutionum

652 2771 798 2835 pars
846 2754 1036 2829 earet,
1082 2749 1276 2813 veluti
1320 2749 1428 2812 III
1475 2752 1536 2831 7,
1584 2752 1621 2812 3
1672 2751 2029 2814 constitutio
2085 2772 2275 2835 quam
2319 2799 2333 2814 .
2368 2798 2383 2813 .
2420 2800 2433 2814 .
2499 2750 2917 2833 compendioso

602 2918 610 2923 ,
653 2861 731 2917 tr
751 2874 792 2916 a
813 2860 1036 2917 ctatu
1067 2852 1274 2917 habito
1309 2854 1769 2936 composuimus
1800 2851 1823 2935 ΙΙ
1854 2853 1960 2917 III
1993 2856 2049 2931 9,
2082 2857 2120 2918 5
2153 2874 2288 2918 eam
2334 2903 2347 2918 .
2384 2902 2397 2917 .
2435 2904 2449 2917 .
2496 2853 2915 2937 compendioso

655 2978 687 3021 s
701 2979 779 3022 er
793 2980 855 3022 m
871 2978 904 3020 o
921 2979 964 3021 n
978 2978 1019 3020 es
1062 2977 1521 3040 supervacuam
1565 2958 1964 3023 ostendimus.

862 3064 920 3126 5.
1015 3060 1254 3145 Species
1315 3062 1665 3145 opponitur
1723 3064 1939 3146 yeneri
1998 3062 2116 3141 ita,
2184 3065 2254 3126 ut
2314 3061 2422 3125 illo
2486 3060 2795 3124 vocabulo
2854 3060 2911 3123 id

654 3166 1056 3249 significetur,
1104 3165 1274 3249 quod
1310 3165 1517 3229 minus
1548 3166 1677 3228 late
1706 3172 1944 3249 pateat,
1978 3165 2099 3230 hoo
2128 3165 2189 3228 id
2224 3163 2397 3250 quod
2435 3166 2627 3229 latius
2670 3170 2909 3249 pateat:

656 3269 688 3333 Ι
734 3272 792 3349 2,
824 3273 864 3332 4
902 3269 1075 3352 plebs
1123 3276 1331 3333 autem
1379 3291 1420 3332 a
1457 3272 1695 3354 populo
1741 3291 1809 3334 eo
1854 3270 2070 3354 differt
2100 3291 2217 3355 quo
2261 3272 2574 3353 species
2620 3292 2660 3333 a
2706 3290 2909 3354 qenere

653 3370 673 3457 ΙΙ
701 3372 770 3435 II
809 3378 862 3454 1,
896 3374 976 3436 27
1025 3374 1082 3436 si
1127 3374 1411 3437 diversae
1461 3375 1765 3437 materiae
1810 3376 1938 3437 sint
1983 3381 2040 3437 et
2087 3374 2155 3437 ob
2200 3374 2269 3437 id
2293 3376 2569 3457 propria
2612 3375 2908 3457 species

644 3477 835 3561 facta
878 3478 961 3539 sit
993 3476 1018 3555 ΙΙ
1052 3474 1151 3540 III
1201 3482 1258 3555 5,
1305 3480 1344 3539 4
1393 3478 1966 3561 consanyuinitatis
2009 3479 2111 3541 ius
2155 3479 2469 3560 species
2527 3484 2615 3540 est
2677 3477 2901 3559 adqua-

653 3582 840 3644 tionis
871 3578 895 3663 ΙΙ
928 3580 1033 3643 III
1080 3582 1139 3662 9,
1189 3582 1226 3643 9
1266 3581 1486 3664 plures
1530 3602 1613 3665 sp
1630 3584 1827 3645 ecies
1872 3583 2349 3661 successionum,
2399 3581 2509 3644 cfr.
2557 3580 2663 3643 III
2710 3582 2803 3661 11,
2836 3582 2867 3643 7
2887 3600 2901 3657 ;

667 3688 760 3766 13,
806 3686 879 3761 23
928 3684 1030 3761 23,
1077 3686 1137 3747 2.
1228 3683 1411 3748 Idem
1459 3684 1848 3749 vocabulum
1893 3686 2206 3769 significat
2249 3681 2649 3768 ‘singularem
2696 3681 2903 3747 casum'

654 3788 718 3851 in
777 3787 914 3851 sola
973 3786 1186 3871 priore
1249 3788 1733 3851 Institutionum
1794 3796 2013 3873 parte:
2078 3788 2150 3852 II
2196 3792 2263 3864 9,
2310 3790 2349 3851 2
2395 3788 2622 3873 hocque
2668 3810 2709 3851 a
2750 3786 2903 3849 nobis

656 3893 1026 3976 dispositum
1069 3898 1160 3955 est
1202 3898 1258 3955 et
1301 3893 1372 3954 in
1416 3914 1490 3955 ea
1535 3912 1674 3975 spe
1699 3894 1852 3970 cie,
1898 3892 2004 3957 ubi
2040 3912 2281 3977 parens
2329 3940 2343 3955 .
2380 3944 2393 3957 .
2432 3940 2444 3953 .
2492 3892 2798 3957 licentiam·
2836 3911 2902 3953 ex
2992 3948 3003 3963 ,

657 3994 1082 4059 anterioribus
1129 3995 1670 4060 constitutionibus
1715 3996 1974 4060 habebat
2003 3999 2028 4076 11
2062 3997 2129 4060 II
2160 3999 2265 4077 20,
2294 3997 2373 4061 27
2424 3996 2533 4059 sed
2564 4016 2671 4059 nec
2713 3994 2899 4059 huius-

654 4100 826 4163 modi
882 4100 1194 4183 species
1240 4101 1501 4184 penitus
1560 4106 1648 4164 est
1708 4102 1841 4163 sine
1884 4103 2053 4164 iusta
2111 4101 2533 4165 emendatione
2591 4100 2857 4163 derelicta
2884 4094 2900 4180 J!

653 4203 724 4270 II
768 4205 870 4285 23,
905 4208 943 4268 6
989 4210 1248 4288 utroque
1309 4206 1847 4268 senatusconsulto
1891 4206 1963 4268 in
2006 4203 2125 4268 hac
2182 4226 2273 4289 sp
2293 4206 2411 4269 eci
2429 4226 2459 4268 e
2507 4208 2894 4267 concurrente.

659 4306 1126 4393 Compensatur
1168 4308 1234 4371 in
1275 4307 1452 4371 libris
1497 4307 1603 4371 III
1647 4316 1713 4373 et
1756 4307 1856 4372 IV
1900 4329 2057 4373 voce
2102 4330 2307 4391 casus,
2355 4309 2555 4374 veluti
2600 4306 2698 4371 IV
2741 4308 2789 4388 7,
2830 4307 2893 4369 2·

654 4411 865 4477 eadem
911 4413 1244 4496 aequitatis
1287 4412 1454 4476 ratio
1498 4413 1691 4476 etiam
1734 4433 1800 4476 eo
1850 4434 1881 4476 c
1902 4433 2048 4478 asu
2090 4412 2543 4478 interveniebat.

863 4518 920 4579 6.
1013 4513 1236 4581 Status
1299 4515 1737 4579 condicionem
1807 4517 2120 4603 signifieat
2182 4515 2209 4577 Ι
2275 4521 2345 4597 5,
2392 4517 2431 4579 3
2488 4519 2557 4580 in
2618 4515 2890 4578 meliorem
