<?xml version="1.0" encoding="UTF-8"?>
<!DOCTYPE html PUBLIC "-//W3C//DTD XHTML 1.0 Transitional//EN"
    "http://www.w3.org/TR/xhtml1/DTD/xhtml1-transitional.dtd">
<html xmlns="http://www.w3.org/1999/xhtml" xml:lang="en" lang="en">
 <head>
  <title>
</title>
<meta http-equiv="Content-Type" content="text/html;charset=utf-8" />
  <meta name='ocr-system' content='tesseract 3.04.00' />
  <meta name='ocr-capabilities' content='ocr_page ocr_carea ocr_par ocr_line ocrx_word'/>
</head>
<body>
  <div class='ocr_page' id='page_1' title='image "./deiustinianiins00grupgoog_0018.png"; bbox 0 0 3150 5259; ppageno 0'>
   <div class='ocr_carea' id='block_1_1' title="bbox 645 485 1830 575">
    <p class='ocr_par' dir='ltr' id='par_1_1' title="bbox 645 485 1830 575">
     <span class='ocr_line' id='line_1_1' title="bbox 645 485 1830 575; baseline 0.004 -25"><span class='ocrx_word' id='word_1_1' title='bbox 645 485 723 551; x_wconf 82' lang='grc'><strong><em>16</em></strong></span> <span class='ocrx_word' id='word_1_2' title='bbox 1694 485 1830 575; x_wconf 91' lang='grc'><strong>[66]</strong></span> 
     </span>
    </p>
   </div>
   <div class='ocr_carea' id='block_1_2' title="bbox 531 668 2926 2821">
    <p class='ocr_par' dir='ltr' id='par_1_2' title="bbox 633 668 2925 848">
     <span class='ocr_line' id='line_1_2' title="bbox 633 668 2925 768; baseline 0.006 -29"><span class='ocrx_word' id='word_1_3' title='bbox 633 668 1000 762; x_wconf 79' lang='lat' dir='ltr'><strong><em>principum</em></strong></span> <span class='ocrx_word' id='word_1_4' title='bbox 1044 676 1132 762; x_wconf 75' lang='grc' dir='ltr'><strong><em>(οἱ</em></strong></span> <span class='ocrx_word' id='word_1_5' title='bbox 1177 679 1290 759; x_wconf 79' lang='grc' dir='ltr'><strong><em>μὲν</em></strong></span> <span class='ocrx_word' id='word_1_6' title='bbox 1337 676 1449 763; x_wconf 70' lang='grc' dir='ltr'><strong><em>γᾶρ</em></strong></span> <span class='ocrx_word' id='word_1_7' title='bbox 1494 677 1727 743; x_wconf 78' lang='grc' dir='ltr'><em>πάλαι</em></span> <span class='ocrx_word' id='word_1_8' title='bbox 1770 680 2286 767; x_wconf 64' lang='grc' dir='ltr'><strong><em>βεβασιλευκότες)</em></strong></span> <span class='ocrx_word' id='word_1_9' title='bbox 2320 684 2761 768; x_wconf 80' lang='lat' dir='ltr'><strong><em>dispositiones</em></strong></span> <span class='ocrx_word' id='word_1_10' title='bbox 2806 736 2821 751; x_wconf 86' lang='lat'><strong>.</strong></span> <span class='ocrx_word' id='word_1_11' title='bbox 2850 737 2871 753; x_wconf 86' lang='lat'><strong>.</strong></span> <span class='ocrx_word' id='word_1_12' title='bbox 2906 738 2925 753; x_wconf 90' lang='lat'><strong>.</strong></span> 
     </span>
     <span class='ocr_line' id='line_1_3' title="bbox 638 780 940 848; baseline 0.017 -5"><span class='ocrx_word' id='word_1_13' title='bbox 638 780 940 848; x_wconf 84' lang='lat' dir='ltr'><strong><em>volebant.</em></strong></span> 
     </span>
    </p>

    <p class='ocr_par' dir='ltr' id='par_1_3' title="bbox 639 886 2926 1074">
     <span class='ocr_line' id='line_1_4' title="bbox 845 886 2926 979; baseline 0.004 -28"><span class='ocrx_word' id='word_1_14' title='bbox 845 890 904 951; x_wconf 88' lang='lat'><strong><em>4.</em></strong></span> <span class='ocrx_word' id='word_1_15' title='bbox 993 886 1132 952; x_wconf 79' lang='lat' dir='ltr'><strong><em>Nec</em></strong></span> <span class='ocrx_word' id='word_1_16' title='bbox 1175 909 1352 953; x_wconf 84' lang='lat' dir='ltr'><strong><em>secus</em></strong></span> <span class='ocrx_word' id='word_1_17' title='bbox 1384 888 1452 951; x_wconf 91' lang='grc' dir='ltr'><strong><em>ΙΙ</em></strong></span> <span class='ocrx_word' id='word_1_18' title='bbox 1483 890 1540 965; x_wconf 87' lang='lat'><strong><em>8,</em></strong></span> <span class='ocrx_word' id='word_1_19' title='bbox 1571 910 1667 973; x_wconf 83' lang='lat' dir='ltr'><strong><em>pr.</em></strong></span> <span class='ocrx_word' id='word_1_20' title='bbox 1713 909 1791 953; x_wconf 83' lang='lat' dir='ltr'><strong><em>ne</em></strong></span> <span class='ocrx_word' id='word_1_21' title='bbox 1834 895 2071 955; x_wconf 68' lang='lat' dir='ltr'><strong><em>semus</em></strong></span> <span class='ocrx_word' id='word_1_22' title='bbox 2113 892 2530 957; x_wconf 84' lang='lat' dir='ltr'><strong><em>muliebris</em></strong></span> <span class='ocrx_word' id='word_1_23' title='bbox 2562 895 2926 979; x_wconf 73' lang='lat' dir='ltr'><strong><em>fraqilitas</em></strong></span> 
     </span>
     <span class='ocr_line' id='line_1_5' title="bbox 639 990 1773 1074; baseline 0.004 -23"><span class='ocrx_word' id='word_1_24' title='bbox 639 990 710 1053; x_wconf 83' lang='lat' dir='ltr'><strong><em>in</em></strong></span> <span class='ocrx_word' id='word_1_25' title='bbox 747 991 1090 1074; x_wconf 89' lang='lat' dir='ltr'><strong><em>perniciem</em></strong></span> <span class='ocrx_word' id='word_1_26' title='bbox 1135 1040 1150 1055; x_wconf 88' lang='lat'><strong>.</strong></span> <span class='ocrx_word' id='word_1_27' title='bbox 1186 1043 1199 1057; x_wconf 90' lang='lat'><strong>.</strong></span> <span class='ocrx_word' id='word_1_28' title='bbox 1234 1042 1248 1056; x_wconf 93' lang='lat'><strong>.</strong></span> <span class='ocrx_word' id='word_1_29' title='bbox 1297 998 1773 1056; x_wconf 75' lang='lat' dir='ltr'><strong><em>converteretur.</em></strong></span> 
     </span>
    </p>

    <p class='ocr_par' dir='ltr' id='par_1_4' title="bbox 531 1096 2921 1395">
     <span class='ocr_line' id='line_1_6' title="bbox 840 1096 2921 1182; baseline 0.004 -23"><span class='ocrx_word' id='word_1_30' title='bbox 840 1096 946 1161; x_wconf 90' lang='lat' dir='ltr'><strong><em>HI</em></strong></span> <span class='ocrx_word' id='word_1_31' title='bbox 993 1099 1048 1175; x_wconf 89' lang='lat'><strong><em>3,</em></strong></span> <span class='ocrx_word' id='word_1_32' title='bbox 1079 1118 1174 1181; x_wconf 87' lang='lat' dir='ltr'><strong><em>pr.</em></strong></span> <span class='ocrx_word' id='word_1_33' title='bbox 1221 1098 1328 1182; x_wconf 81' lang='lat' dir='ltr'><strong><em>qui</em></strong></span> <span class='ocrx_word' id='word_1_34' title='bbox 1360 1117 1482 1181; x_wconf 86' lang='lat' dir='ltr'><strong><em>per</em></strong></span> <span class='ocrx_word' id='word_1_35' title='bbox 1509 1096 1567 1181; x_wconf 87' lang='lat' dir='ltr'><strong><em>s</em></strong></span> <span class='ocrx_word' id='word_1_36' title='bbox 1574 1096 1818 1161; x_wconf 89' lang='lat' dir='ltr'><strong><em>emini</em></strong></span> <span class='ocrx_word' id='word_1_37' title='bbox 1832 1098 1920 1159; x_wconf 84' lang='lat' dir='ltr'><strong><em>ni</em></strong></span> <span class='ocrx_word' id='word_1_38' title='bbox 1961 1116 2204 1163; x_wconf 79' lang='lat' dir='ltr'><strong><em>sexus</em></strong></span> <span class='ocrx_word' id='word_1_39' title='bbox 2246 1101 2759 1166; x_wconf 78' lang='lat' dir='ltr'><strong><em>necessitudinem</em></strong></span> <span class='ocrx_word' id='word_1_40' title='bbox 2788 1103 2921 1167; x_wconf 85' lang='lat' dir='ltr'><strong><em>sibi</em></strong></span> 
     </span>
     <span class='ocr_line' id='line_1_7' title="bbox 641 1198 2916 1287; baseline 0.004 -25"><span class='ocrx_word' id='word_1_41' title='bbox 641 1198 1000 1281; x_wconf 76' lang='lat' dir='ltr'><strong><em>iunquntur</em></strong></span> <span class='ocrx_word' id='word_1_42' title='bbox 1029 1200 1054 1279; x_wconf 86' lang='grc' dir='ltr'><strong><em>ΙΙ</em></strong></span> <span class='ocrx_word' id='word_1_43' title='bbox 1087 1202 1144 1275; x_wconf 88' lang='grc'><strong><em>5,</em></strong></span> <span class='ocrx_word' id='word_1_44' title='bbox 1178 1202 1216 1263; x_wconf 97' lang='grc'><strong>2</strong></span> <span class='ocrx_word' id='word_1_45' title='bbox 1252 1220 1374 1284; x_wconf 88' lang='lat' dir='ltr'><strong><em>per</em></strong></span> <span class='ocrx_word' id='word_1_46' title='bbox 1401 1199 1706 1281; x_wconf 90' lang='lat' dir='ltr'><strong><em>femini</em></strong></span> <span class='ocrx_word' id='word_1_47' title='bbox 1720 1202 1804 1263; x_wconf 85' lang='lat' dir='ltr'><strong><em>ni</em></strong></span> <span class='ocrx_word' id='word_1_48' title='bbox 1846 1221 1918 1264; x_wconf 92' lang='lat' dir='ltr'><strong><em>se</em></strong></span> <span class='ocrx_word' id='word_1_49' title='bbox 1934 1221 2081 1265; x_wconf 73' lang='lat' dir='ltr'><strong><em>mus</em></strong></span> <span class='ocrx_word' id='word_1_50' title='bbox 2109 1204 2413 1285; x_wconf 76' lang='lat' dir='ltr'><strong><em>personas</em></strong></span> <span class='ocrx_word' id='word_1_51' title='bbox 2444 1203 2636 1287; x_wconf 85' lang='lat' dir='ltr'><strong><em>[haee</em></strong></span> <span class='ocrx_word' id='word_1_52' title='bbox 2664 1205 2916 1270; x_wconf 81' lang='lat' dir='ltr'><strong><em>locutio</em></strong></span> 
     </span>
     <span class='ocr_line' id='line_1_8' title="bbox 531 1293 2918 1395; baseline 0.004 -31"><span class='ocrx_word' id='word_1_53' title='bbox 531 1293 538 1298; x_wconf 69' lang='grc'>’</span> <span class='ocrx_word' id='word_1_54' title='bbox 644 1302 824 1387; x_wconf 84' lang='lat' dir='ltr'><strong>quasi</strong></span> <span class='ocrx_word' id='word_1_55' title='bbox 867 1304 1188 1369; x_wconf 82' lang='lat' dir='ltr'><strong><em>sollemnis</em></strong></span> <span class='ocrx_word' id='word_1_56' title='bbox 1233 1304 1427 1369; x_wconf 82' lang='lat' dir='ltr'><strong><em>fuisse</em></strong></span> <span class='ocrx_word' id='word_1_57' title='bbox 1459 1304 1709 1369; x_wconf 82' lang='lat' dir='ltr'><strong><em>videtur</em></strong></span> <span class='ocrx_word' id='word_1_58' title='bbox 1739 1304 1908 1388; x_wconf 89' lang='lat' dir='ltr'><strong><em>apud</em></strong></span> <span class='ocrx_word' id='word_1_59' title='bbox 1943 1305 2429 1391; x_wconf 84' lang='lat' dir='ltr'><strong><em>iureconsultos]</em></strong></span> <span class='ocrx_word' id='word_1_60' title='bbox 2462 1310 2487 1391; x_wconf 73' lang='grc' dir='ltr'>Η</span> <span class='ocrx_word' id='word_1_61' title='bbox 2524 1311 2690 1389; x_wconf 87' lang='grc'><strong>6,11</strong></span> <span class='ocrx_word' id='word_1_62' title='bbox 2740 1310 2918 1395; x_wconf 79' lang='lat' dir='ltr'><strong><em>quod</em></strong></span> 
     </span>
    </p>

    <p class='ocr_par' dir='ltr' id='par_1_5' title="bbox 697 1406 2148 1492">
     <span class='ocr_line' id='line_1_9' title="bbox 697 1406 2148 1492; baseline 0.002 -21"><span class='ocrx_word' id='word_1_63' title='bbox 697 1456 712 1471; x_wconf 89' lang='lat'><strong>.</strong></span> <span class='ocrx_word' id='word_1_64' title='bbox 747 1454 761 1471; x_wconf 92' lang='lat'><strong>.</strong></span> <span class='ocrx_word' id='word_1_65' title='bbox 807 1427 883 1471; x_wconf 80' lang='lat' dir='ltr'><strong><em>ex</em></strong></span> <span class='ocrx_word' id='word_1_66' title='bbox 917 1406 1320 1489; x_wconf 88' lang='lat' dir='ltr'><strong><em>feminino</em></strong></span> <span class='ocrx_word' id='word_1_67' title='bbox 1363 1428 1558 1473; x_wconf 77' lang='lat' dir='ltr'><strong><em>sexu</em></strong></span> <span class='ocrx_word' id='word_1_68' title='bbox 1595 1414 1999 1492; x_wconf 73' lang='lat' dir='ltr'><strong><em>propayatus</em></strong></span> <span class='ocrx_word' id='word_1_69' title='bbox 2044 1417 2148 1474; x_wconf 87' lang='lat' dir='ltr'><strong><em>est.</em></strong></span> 
     </span>
    </p>

    <p class='ocr_par' dir='ltr' id='par_1_6' title="bbox 637 1511 2916 2197">
     <span class='ocr_line' id='line_1_10' title="bbox 842 1511 2916 1599; baseline 0.003 -25"><span class='ocrx_word' id='word_1_70' title='bbox 842 1513 902 1575; x_wconf 85' lang='lat'><strong><em>5.</em></strong></span> <span class='ocrx_word' id='word_1_71' title='bbox 990 1511 1069 1575; x_wconf 95' lang='lat' dir='ltr'><strong><em>In</em></strong></span> <span class='ocrx_word' id='word_1_72' title='bbox 1099 1512 1257 1576; x_wconf 82' lang='lat' dir='ltr'><strong><em>libro</em></strong></span> <span class='ocrx_word' id='word_1_73' title='bbox 1286 1511 1357 1576; x_wconf 93' lang='grc' dir='ltr'>Π</span> <span class='ocrx_word' id='word_1_74' title='bbox 1385 1512 1693 1577; x_wconf 84' lang='lat' dir='ltr'><strong><em>vocabulo</em></strong></span> <span class='ocrx_word' id='word_1_75' title='bbox 1716 1512 1956 1576; x_wconf 85' lang='lat' dir='ltr'><strong><em>mobilis</em></strong></span> <span class='ocrx_word' id='word_1_76' title='bbox 1986 1514 2219 1598; x_wconf 89' lang='lat' dir='ltr'><strong><em>opponi</em></strong></span> <span class='ocrx_word' id='word_1_77' title='bbox 2248 1516 2411 1579; x_wconf 84' lang='lat' dir='ltr'><strong><em>solet</em></strong></span> <span class='ocrx_word' id='word_1_78' title='bbox 2442 1516 2795 1599; x_wconf 83' lang='lat' dir='ltr'><strong><em>immobilis,</em></strong></span> <span class='ocrx_word' id='word_1_79' title='bbox 2839 1518 2916 1581; x_wconf 87' lang='lat' dir='ltr'><strong><em>in</em></strong></span> 
     </span>
     <span class='ocr_line' id='line_1_11' title="bbox 640 1613 2903 1703; baseline 0.004 -27"><span class='ocrx_word' id='word_1_80' title='bbox 640 1613 817 1678; x_wconf 83' lang='lat' dir='ltr'><strong><em>libris</em></strong></span> <span class='ocrx_word' id='word_1_81' title='bbox 861 1614 967 1679; x_wconf 94' lang='lat' dir='ltr'><strong><em>III</em></strong></span> <span class='ocrx_word' id='word_1_82' title='bbox 1011 1621 1075 1679; x_wconf 85' lang='lat' dir='ltr'><strong><em>et</em></strong></span> <span class='ocrx_word' id='word_1_83' title='bbox 1117 1614 1216 1679; x_wconf 90' lang='lat' dir='ltr'><strong><em>IV</em></strong></span> <span class='ocrx_word' id='word_1_84' title='bbox 1261 1621 1474 1679; x_wconf 85' lang='lat' dir='ltr'><strong><em>autem</em></strong></span> <span class='ocrx_word' id='word_1_85' title='bbox 1518 1636 1620 1680; x_wconf 89' lang='lat' dir='ltr'><strong><em>res</em></strong></span> <span class='ocrx_word' id='word_1_86' title='bbox 1654 1617 1805 1695; x_wconf 82' lang='lat' dir='ltr'><strong><em>soli3</em></strong></span> <span class='ocrx_word' id='word_1_87' title='bbox 1852 1618 2085 1681; x_wconf 85' lang='lat' dir='ltr'><strong><em>veluti:</em></strong></span> <span class='ocrx_word' id='word_1_88' title='bbox 2131 1618 2201 1681; x_wconf 91' lang='grc' dir='ltr'><strong><em>ΙΙ</em></strong></span> <span class='ocrx_word' id='word_1_89' title='bbox 2234 1619 2293 1701; x_wconf 93' lang='grc'><strong><em>6,</em></strong></span> <span class='ocrx_word' id='word_1_90' title='bbox 2325 1639 2421 1703; x_wconf 88' lang='lat' dir='ltr'><strong><em>pr.</em></strong></span> <span class='ocrx_word' id='word_1_91' title='bbox 2467 1626 2597 1684; x_wconf 89' lang='lat' dir='ltr'><strong><em>ut.</em></strong></span> <span class='ocrx_word' id='word_1_92' title='bbox 2684 1672 2697 1685; x_wconf 94' lang='lat'><strong>.</strong></span> <span class='ocrx_word' id='word_1_93' title='bbox 2743 1642 2903 1703; x_wconf 88' lang='lat' dir='ltr'><strong><em>rem,</em></strong></span> 
     </span>
     <span class='ocr_line' id='line_1_12' title="bbox 641 1717 2913 1804; baseline 0.004 -23"><span class='ocrx_word' id='word_1_94' title='bbox 641 1718 699 1781; x_wconf 85' lang='lat' dir='ltr'><strong><em>si</em></strong></span> <span class='ocrx_word' id='word_1_95' title='bbox 754 1717 1083 1783; x_wconf 90' lang='lat' dir='ltr'><strong><em>mobilis</em></strong></span> <span class='ocrx_word' id='word_1_96' title='bbox 1157 1725 1331 1799; x_wconf 89' lang='lat' dir='ltr'><strong><em>erat,</em></strong></span> <span class='ocrx_word' id='word_1_97' title='bbox 1409 1739 1575 1782; x_wconf 88' lang='lat' dir='ltr'><strong><em>anno</em></strong></span> <span class='ocrx_word' id='word_1_98' title='bbox 1650 1718 1899 1804; x_wconf 76' lang='lat' dir='ltr'><strong><em>ubique,</em></strong></span> <span class='ocrx_word' id='word_1_99' title='bbox 1974 1722 2032 1784; x_wconf 91' lang='lat' dir='ltr'><strong><em>si</em></strong></span> <span class='ocrx_word' id='word_1_100' title='bbox 2104 1721 2579 1804; x_wconf 88' lang='lat' dir='ltr'><strong><em>immobilis,</em></strong></span> <span class='ocrx_word' id='word_1_101' title='bbox 2656 1726 2913 1791; x_wconf 90' lang='lat' dir='ltr'><strong><em>biennio</em></strong></span> 
     </span>
     <span class='ocr_line' id='line_1_13' title="bbox 639 1821 2911 1909; baseline 0.005 -26"><span class='ocrx_word' id='word_1_102' title='bbox 639 1826 883 1886; x_wconf 85' lang='lat' dir='ltr'><strong><em>tantum</em></strong></span> <span class='ocrx_word' id='word_1_103' title='bbox 941 1824 1010 1885; x_wconf 92' lang='lat' dir='ltr'><strong><em>in</em></strong></span> <span class='ocrx_word' id='word_1_104' title='bbox 1069 1821 1302 1886; x_wconf 91' lang='lat' dir='ltr'><strong><em>Italico</em></strong></span> <span class='ocrx_word' id='word_1_105' title='bbox 1363 1824 1491 1886; x_wconf 92' lang='lat' dir='ltr'><strong><em>solo</em></strong></span> <span class='ocrx_word' id='word_1_106' title='bbox 1548 1825 1919 1907; x_wconf 83' lang='lat' dir='ltr'><strong><em>usucapiat‚</em></strong></span> <span class='ocrx_word' id='word_1_107' title='bbox 1982 1832 2045 1888; x_wconf 85' lang='lat' dir='ltr'><strong><em>et</em></strong></span> <span class='ocrx_word' id='word_1_108' title='bbox 2103 1832 2244 1909; x_wconf 80' lang='lat' dir='ltr'><strong><em>post</em></strong></span> <span class='ocrx_word' id='word_1_109' title='bbox 2304 1829 2635 1893; x_wconf 84' lang='lat' dir='ltr'><strong><em>nonnullas</em></strong></span> <span class='ocrx_word' id='word_1_110' title='bbox 2699 1830 2911 1894; x_wconf 81' lang='lat' dir='ltr'><strong><em>lineas</em></strong></span> 
     </span>
     <span class='ocr_line' id='line_1_14' title="bbox 639 1926 2909 2012; baseline 0.003 -23"><span class='ocrx_word' id='word_1_111' title='bbox 639 1926 1041 2011; x_wconf 82' lang='lat' dir='ltr'><strong><em>interpositas</em></strong></span> <span class='ocrx_word' id='word_1_112' title='bbox 1071 1926 1503 1989; x_wconf 81' lang='lat' dir='ltr'>continuatur:</span> <span class='ocrx_word' id='word_1_113' title='bbox 1550 1932 1621 1989; x_wconf 87' lang='lat' dir='ltr'><strong><em>ut</em></strong></span> <span class='ocrx_word' id='word_1_114' title='bbox 1663 1946 1763 1990; x_wconf 89' lang='lat' dir='ltr'><strong><em>res</em></strong></span> <span class='ocrx_word' id='word_1_115' title='bbox 1792 1928 2036 2011; x_wconf 82' lang='lat' dir='ltr'><strong><em>quidem</em></strong></span> <span class='ocrx_word' id='word_1_116' title='bbox 2066 1928 2393 1994; x_wconf 80' lang='lat' dir='ltr'><strong><em>mobiles</em></strong></span> <span class='ocrx_word' id='word_1_117' title='bbox 2412 1950 2534 2012; x_wconf 89' lang='lat' dir='ltr'><strong><em>per</em></strong></span> <span class='ocrx_word' id='word_1_118' title='bbox 2564 1932 2909 1996; x_wconf 77' lang='lat' dir='ltr'><strong><em>triennium</em></strong></span> 
     </span>
     <span class='ocr_line' id='line_1_15' title="bbox 639 2028 2910 2119; baseline 0.004 -28"><span class='ocrx_word' id='word_1_119' title='bbox 639 2030 1133 2112; x_wconf 79' lang='lat' dir='ltr'><strong><em>usucapiantur,</em></strong></span> <span class='ocrx_word' id='word_1_120' title='bbox 1193 2030 1418 2093; x_wconf 86' lang='lat' dir='ltr'><strong><em>immo</em></strong></span> <span class='ocrx_word' id='word_1_121' title='bbox 1437 2028 1645 2093; x_wconf 89' lang='lat' dir='ltr'><strong><em>biles</em></strong></span> <span class='ocrx_word' id='word_1_122' title='bbox 1706 2050 1847 2094; x_wconf 86' lang='lat' dir='ltr'><strong><em>vero</em></strong></span> <span class='ocrx_word' id='word_1_123' title='bbox 1905 2052 2021 2115; x_wconf 90' lang='lat' dir='ltr'><strong><em>per</em></strong></span> <span class='ocrx_word' id='word_1_124' title='bbox 2082 2034 2257 2117; x_wconf 73' lang='lat' dir='ltr'><strong><em>lonyi</em></strong></span> <span class='ocrx_word' id='word_1_125' title='bbox 2316 2036 2611 2116; x_wconf 86' lang='lat' dir='ltr'><strong><em>temporis</em></strong></span> <span class='ocrx_word' id='word_1_126' title='bbox 2660 2055 2910 2119; x_wconf 88' lang='lat' dir='ltr'><strong><em>posses-</em></strong></span> 
     </span>
     <span class='ocr_line' id='line_1_16' title="bbox 637 2134 890 2197; baseline 0.008 -2"><span class='ocrx_word' id='word_1_127' title='bbox 637 2134 890 2197; x_wconf 89' lang='lat' dir='ltr'><strong><em>sionem.</em></strong></span> 
     </span>
    </p>

    <p class='ocr_par' dir='ltr' id='par_1_7' title="bbox 639 2236 2903 2821">
     <span class='ocr_line' id='line_1_17' title="bbox 812 2236 2902 2327; baseline 0.002 -26"><span class='ocrx_word' id='word_1_128' title='bbox 812 2236 1047 2301; x_wconf 81' lang='lat' dir='ltr'><strong><em>Contra</em></strong></span> <span class='ocrx_word' id='word_1_129' title='bbox 1108 2238 1172 2300; x_wconf 93' lang='lat' dir='ltr'><strong><em>in</em></strong></span> <span class='ocrx_word' id='word_1_130' title='bbox 1238 2238 1581 2321; x_wconf 82' lang='lat' dir='ltr'><strong><em>posteriore</em></strong></span> <span class='ocrx_word' id='word_1_131' title='bbox 1644 2238 2120 2303; x_wconf 79' lang='lat' dir='ltr'><strong><em>Institutionum</em></strong></span> <span class='ocrx_word' id='word_1_132' title='bbox 2181 2246 2400 2324; x_wconf 86' lang='lat' dir='ltr'><strong><em>parte:</em></strong></span> <span class='ocrx_word' id='word_1_133' title='bbox 2475 2240 2580 2304; x_wconf 92' lang='lat' dir='ltr'><strong><em>III</em></strong></span> <span class='ocrx_word' id='word_1_134' title='bbox 2647 2244 2744 2318; x_wconf 84' lang='lat'><strong><em>19,</em></strong></span> <span class='ocrx_word' id='word_1_135' title='bbox 2806 2263 2902 2327; x_wconf 88' lang='lat' dir='ltr'><strong><em>pr.</em></strong></span> 
     </span>
     <span class='ocr_line' id='line_1_18' title="bbox 641 2341 2903 2426; baseline 0.002 -21"><span class='ocrx_word' id='word_1_136' title='bbox 641 2342 840 2405; x_wconf 88' lang='lat' dir='ltr'><strong><em>omnis</em></strong></span> <span class='ocrx_word' id='word_1_137' title='bbox 895 2360 996 2403; x_wconf 85' lang='lat' dir='ltr'><strong><em>res</em></strong></span> <span class='ocrx_word' id='word_1_138' title='bbox 1057 2341 1125 2403; x_wconf 91' lang='lat' dir='ltr'><strong><em>in</em></strong></span> <span class='ocrx_word' id='word_1_139' title='bbox 1170 2341 1637 2423; x_wconf 77' lang='lat' dir='ltr'><strong><em>stipulationem</em></strong></span> <span class='ocrx_word' id='word_1_140' title='bbox 1694 2341 1918 2405; x_wconf 87' lang='lat' dir='ltr'><strong><em>deduci</em></strong></span> <span class='ocrx_word' id='word_1_141' title='bbox 1953 2348 2171 2426; x_wconf 80' lang='lat' dir='ltr'><strong><em>potest,</em></strong></span> <span class='ocrx_word' id='word_1_142' title='bbox 2224 2346 2349 2408; x_wconf 82' lang='lat' dir='ltr'><strong><em>sive</em></strong></span> <span class='ocrx_word' id='word_1_143' title='bbox 2404 2345 2522 2408; x_wconf 90' lang='lat' dir='ltr'><strong><em>illa</em></strong></span> <span class='ocrx_word' id='word_1_144' title='bbox 2575 2364 2687 2407; x_wconf 90' lang='lat' dir='ltr'><strong><em>mo</em></strong></span> <span class='ocrx_word' id='word_1_145' title='bbox 2708 2344 2903 2409; x_wconf 90' lang='lat' dir='ltr'><strong><em>bilis</em></strong></span> 
     </span>
     <span class='ocr_line' id='line_1_19' title="bbox 639 2443 2900 2530; baseline 0.002 -23"><span class='ocrx_word' id='word_1_146' title='bbox 639 2446 764 2507; x_wconf 84' lang='lat' dir='ltr'><strong><em>sive</em></strong></span> <span class='ocrx_word' id='word_1_147' title='bbox 804 2445 960 2508; x_wconf 91' lang='lat' dir='ltr'><strong><em>soli</em></strong></span> <span class='ocrx_word' id='word_1_148' title='bbox 1003 2445 1085 2508; x_wconf 88' lang='lat' dir='ltr'><strong><em>sit</em></strong></span> <span class='ocrx_word' id='word_1_149' title='bbox 1117 2444 1139 2523; x_wconf 83' lang='grc' dir='ltr'>Η</span> <span class='ocrx_word' id='word_1_150' title='bbox 1171 2443 1270 2508; x_wconf 89' lang='lat' dir='ltr'><strong><em>IV</em></strong></span> <span class='ocrx_word' id='word_1_151' title='bbox 1315 2445 1374 2525; x_wconf 85' lang='lat'><strong><em>2,</em></strong></span> <span class='ocrx_word' id='word_1_152' title='bbox 1429 2447 1450 2507; x_wconf 92' lang='lat'>1</span> <span class='ocrx_word' id='word_1_153' title='bbox 1505 2446 1574 2507; x_wconf 90' lang='lat' dir='ltr'><strong><em>in</em></strong></span> <span class='ocrx_word' id='word_1_154' title='bbox 1618 2444 2055 2509; x_wconf 82' lang='lat' dir='ltr'><strong><em>mobilibus</em></strong></span> <span class='ocrx_word' id='word_1_155' title='bbox 2112 2446 2293 2530; x_wconf 88' lang='lat' dir='ltr'><strong><em>rebus</em></strong></span> <span class='ocrx_word' id='word_1_156' title='bbox 2339 2498 2353 2513; x_wconf 92' lang='lat'><em>.</em></span> <span class='ocrx_word' id='word_1_157' title='bbox 2390 2498 2405 2513; x_wconf 87' lang='lat'><strong>.</strong></span> <span class='ocrx_word' id='word_1_158' title='bbox 2442 2498 2455 2512; x_wconf 89' lang='lat'><strong>.</strong></span> <span class='ocrx_word' id='word_1_159' title='bbox 2517 2450 2589 2511; x_wconf 87' lang='lat' dir='ltr'><strong><em>in</em></strong></span> <span class='ocrx_word' id='word_1_160' title='bbox 2632 2450 2900 2513; x_wconf 85' lang='lat' dir='ltr'><strong><em>invasio-</em></strong></span> 
     </span>
     <span class='ocr_line' id='line_1_20' title="bbox 639 2546 2901 2632; baseline 0.002 -22"><span class='ocrx_word' id='word_1_161' title='bbox 639 2546 854 2629; x_wconf 83' lang='lat' dir='ltr'><strong><em>nibus,</em></strong></span> <span class='ocrx_word' id='word_1_162' title='bbox 913 2568 1072 2632; x_wconf 80' lang='lat' dir='ltr'><strong><em>quae</em></strong></span> <span class='ocrx_word' id='word_1_163' title='bbox 1132 2548 1304 2611; x_wconf 89' lang='lat' dir='ltr'><strong><em>circa</em></strong></span> <span class='ocrx_word' id='word_1_164' title='bbox 1349 2567 1448 2611; x_wconf 90' lang='lat' dir='ltr'><strong><em>res</em></strong></span> <span class='ocrx_word' id='word_1_165' title='bbox 1494 2548 1661 2611; x_wconf 91' lang='lat' dir='ltr'><strong><em>soli</em></strong></span> <span class='ocrx_word' id='word_1_166' title='bbox 1686 2550 1862 2632; x_wconf 83' lang='lat' dir='ltr'><strong><em>fiunt</em></strong></span> <span class='ocrx_word' id='word_1_167' title='bbox 1893 2548 1916 2631; x_wconf 79' lang='grc' dir='ltr'><strong><em>ΙΙ</em></strong></span> <span class='ocrx_word' id='word_1_168' title='bbox 1952 2552 2052 2630; x_wconf 93' lang='grc'><strong>15,</strong></span> <span class='ocrx_word' id='word_1_169' title='bbox 2098 2552 2181 2613; x_wconf 83' lang='lat'><strong><em>4·</em></strong></span> <span class='ocrx_word' id='word_1_170' title='bbox 2224 2558 2295 2615; x_wconf 86' lang='lat' dir='ltr'><strong><em>ut</em></strong></span> <span class='ocrx_word' id='word_1_171' title='bbox 2337 2553 2441 2615; x_wconf 90' lang='lat' dir='ltr'><strong><em>ille</em></strong></span> <span class='ocrx_word' id='word_1_172' title='bbox 2486 2553 2689 2616; x_wconf 88' lang='lat' dir='ltr'><strong><em>vincat</em></strong></span> <span class='ocrx_word' id='word_1_173' title='bbox 2732 2558 2789 2615; x_wconf 92' lang='lat' dir='ltr'><strong><em>et</em></strong></span> <span class='ocrx_word' id='word_1_174' title='bbox 2831 2554 2901 2616; x_wconf 91' lang='lat' dir='ltr'><strong><em>in</em></strong></span> 
     </span>
     <span class='ocr_line' id='line_1_21' title="bbox 641 2651 2899 2740; baseline 0.002 -27"><span class='ocrx_word' id='word_1_175' title='bbox 641 2671 711 2714; x_wconf 92' lang='lat' dir='ltr'><strong><em>re</em></strong></span> <span class='ocrx_word' id='word_1_176' title='bbox 755 2652 903 2715; x_wconf 84' lang='lat' dir='ltr'><strong><em>soli</em></strong></span> <span class='ocrx_word' id='word_1_177' title='bbox 948 2657 1004 2714; x_wconf 91' lang='lat' dir='ltr'><strong><em>et</em></strong></span> <span class='ocrx_word' id='word_1_178' title='bbox 1046 2653 1115 2714; x_wconf 91' lang='lat' dir='ltr'><strong><em>in</em></strong></span> <span class='ocrx_word' id='word_1_179' title='bbox 1159 2672 1228 2715; x_wconf 90' lang='lat' dir='ltr'><strong><em>re</em></strong></span> <span class='ocrx_word' id='word_1_180' title='bbox 1270 2651 1559 2716; x_wconf 87' lang='lat' dir='ltr'><strong><em>mobili.</em></strong></span> <span class='ocrx_word' id='word_1_181' title='bbox 1650 2652 2051 2738; x_wconf 82' lang='lat' dir='ltr'><strong><em>Quamquam</em></strong></span> <span class='ocrx_word' id='word_1_182' title='bbox 2096 2656 2289 2719; x_wconf 85' lang='lat' dir='ltr'><strong><em>etiam</em></strong></span> <span class='ocrx_word' id='word_1_183' title='bbox 2331 2654 2401 2719; x_wconf 92' lang='lat' dir='ltr'><strong><em>II</em></strong></span> <span class='ocrx_word' id='word_1_184' title='bbox 2438 2658 2497 2734; x_wconf 83' lang='lat'><strong><em>8,</em></strong></span> <span class='ocrx_word' id='word_1_185' title='bbox 2527 2677 2622 2740; x_wconf 88' lang='lat' dir='ltr'><strong><em>pr.</em></strong></span> <span class='ocrx_word' id='word_1_186' title='bbox 2669 2656 2899 2739; x_wconf 84' lang='lat' dir='ltr'><strong><em>legitur</em></strong></span> 
     </span>
     <span class='ocr_line' id='line_1_22' title="bbox 640 2755 1334 2821; baseline 0.003 -3"><span class='ocrx_word' id='word_1_187' title='bbox 640 2756 708 2818; x_wconf 91' lang='lat' dir='ltr'><strong><em>in</em></strong></span> <span class='ocrx_word' id='word_1_188' title='bbox 750 2757 984 2821; x_wconf 88' lang='lat' dir='ltr'><strong><em>soli.</em></strong></span> <span class='ocrx_word' id='word_1_189' title='bbox 1020 2806 1034 2821; x_wconf 90' lang='lat'><strong>.</strong></span> <span class='ocrx_word' id='word_1_190' title='bbox 1071 2806 1086 2821; x_wconf 87' lang='lat'><strong>.</strong></span> <span class='ocrx_word' id='word_1_191' title='bbox 1131 2755 1334 2820; x_wconf 89' lang='lat' dir='ltr'><strong><em>rebus.</em></strong></span> 
     </span>
    </p>
   </div>
   <div class='ocr_carea' id='block_1_3' title="bbox 1541 2998 2010 3176">
    <p class='ocr_par' dir='ltr' id='par_1_8' title="bbox 1541 2998 2010 3176">
     <span class='ocr_line' id='line_1_23' title="bbox 1785 3002 1839 3063; baseline 0 0"><span class='ocrx_word' id='word_1_192' title='bbox 1785 3002 1839 3063; x_wconf 83' lang='lat'><strong><em>7.</em></strong></span> 
     </span>
     <span class='ocr_line' id='line_1_24' title="bbox 1541 2998 2010 3176; baseline 0.002 -1"><span class='ocrx_word' id='word_1_193' title='bbox 1541 2998 2010 3176; x_wconf 45' lang='lat' dir='ltr'><strong><em>Adfferbia.</em></strong></span> 
     </span>
    </p>
   </div>
   <div class='ocr_carea' id='block_1_4' title="bbox 635 3265 2897 4594">
    <p class='ocr_par' dir='ltr' id='par_1_9' title="bbox 635 3265 2896 3972">
     <span class='ocr_line' id='line_1_25' title="bbox 849 3265 2894 3351; baseline 0.001 -23"><span class='ocrx_word' id='word_1_194' title='bbox 849 3266 903 3329; x_wconf 87' lang='lat'><strong><em>1.</em></strong></span> <span class='ocrx_word' id='word_1_195' title='bbox 992 3265 1292 3349; x_wconf 81' lang='lat' dir='ltr'><strong><em>Aperte</em></strong></span> <span class='ocrx_word' id='word_1_196' title='bbox 1347 3266 1705 3349; x_wconf 80' lang='lat' dir='ltr'><strong><em>(apertius,</em></strong></span> <span class='ocrx_word' id='word_1_197' title='bbox 1773 3265 2200 3349; x_wconf 85' lang='lat' dir='ltr'><strong><em>apertissime)</em></strong></span> <span class='ocrx_word' id='word_1_198' title='bbox 2259 3268 2527 3351; x_wconf 84' lang='lat' dir='ltr'><strong><em>legitur:</em></strong></span> <span class='ocrx_word' id='word_1_199' title='bbox 2599 3268 2703 3332; x_wconf 92' lang='lat' dir='ltr'><strong><em>III</em></strong></span> <span class='ocrx_word' id='word_1_200' title='bbox 2758 3270 2814 3347; x_wconf 86' lang='lat'><strong><em>2,</em></strong></span> <span class='ocrx_word' id='word_1_201' title='bbox 2860 3270 2894 3331; x_wconf 90' lang='lat'>5</span> 
     </span>
     <span class='ocr_line' id='line_1_26' title="bbox 641 3369 2896 3454; baseline 0.001 -23"><span class='ocrx_word' id='word_1_202' title='bbox 641 3369 701 3431; x_wconf 89' lang='lat' dir='ltr'><strong><em>si</em></strong></span> <span class='ocrx_word' id='word_1_203' title='bbox 734 3369 953 3451; x_wconf 86' lang='lat' dir='ltr'><strong><em>plures</em></strong></span> <span class='ocrx_word' id='word_1_204' title='bbox 980 3371 1108 3433; x_wconf 88' lang='lat' dir='ltr'><strong><em>sint</em></strong></span> <span class='ocrx_word' id='word_1_205' title='bbox 1138 3370 1384 3454; x_wconf 74' lang='lat' dir='ltr'><strong><em>yradus</em></strong></span> <span class='ocrx_word' id='word_1_206' title='bbox 1417 3370 1863 3452; x_wconf 72' lang='lat' dir='ltr'><strong><em>adqnatorum,</em></strong></span> <span class='ocrx_word' id='word_1_207' title='bbox 1911 3376 2189 3453; x_wconf 87' lang='lat' dir='ltr'><strong><em>aperte</em></strong></span> <span class='ocrx_word' id='word_1_208' title='bbox 2234 3371 2333 3435; x_wconf 79' lang='lat' dir='ltr'><strong><em>lex</em></strong></span> <span class='ocrx_word' id='word_1_209' title='bbox 2362 3370 2519 3435; x_wconf 92' lang='lat' dir='ltr'><strong><em>XII</em></strong></span> <span class='ocrx_word' id='word_1_210' title='bbox 2542 3372 2896 3436; x_wconf 79' lang='lat' dir='ltr'><strong><em>tabularum</em></strong></span> 
     </span>
     <span class='ocr_line' id='line_1_27' title="bbox 635 3471 2891 3559; baseline 0.003 -26"><span class='ocrx_word' id='word_1_211' title='bbox 635 3473 994 3555; x_wconf 78' lang='lat' dir='ltr'><strong><em>proximum</em></strong></span> <span class='ocrx_word' id='word_1_212' title='bbox 1053 3479 1234 3536; x_wconf 83' lang='lat' dir='ltr'><strong><em>vocat</em></strong></span> <span class='ocrx_word' id='word_1_213' title='bbox 1281 3471 1304 3555; x_wconf 83' lang='grc' dir='ltr'><strong><em>ΙΙ</em></strong></span> <span class='ocrx_word' id='word_1_214' title='bbox 1355 3475 1454 3549; x_wconf 89' lang='grc'><strong><em>29,</em></strong></span> <span class='ocrx_word' id='word_1_215' title='bbox 1519 3475 1597 3535; x_wconf 84' lang='lat'><strong><em>3·</em></strong></span> <span class='ocrx_word' id='word_1_216' title='bbox 1655 3475 2189 3557; x_wconf 84' lang='lat' dir='ltr'><strong><em>apertissime</em></strong></span> <span class='ocrx_word' id='word_1_217' title='bbox 2266 3475 2541 3559; x_wconf 54' lang='lat' dir='ltr'><strong><em>difinivit</em></strong></span> <span class='ocrx_word' id='word_1_218' title='bbox 2589 3474 2613 3556; x_wconf 87' lang='grc' dir='ltr'><strong><em>ΙΙ</em></strong></span> <span class='ocrx_word' id='word_1_219' title='bbox 2664 3478 2772 3553; x_wconf 87' lang='grc'><strong><em>29,</em></strong></span> <span class='ocrx_word' id='word_1_220' title='bbox 2817 3478 2891 3539; x_wconf 83' lang='lat'><strong><em>3·</em></strong></span> 
     </span>
     <span class='ocr_line' id='line_1_28' title="bbox 646 3575 2895 3663; baseline 0 -22"><span class='ocrx_word' id='word_1_221' title='bbox 646 3578 1030 3661; x_wconf 89' lang='lat' dir='ltr'><strong><em>apertius</em></strong></span> <span class='ocrx_word' id='word_1_222' title='bbox 1091 3596 1450 3660; x_wconf 69' lang='lat' dir='ltr'><strong><em>coquoscere</em></strong></span> <span class='ocrx_word' id='word_1_223' title='bbox 1499 3575 1521 3658; x_wconf 80' lang='grc' dir='ltr'><strong><em>ΙΙ</em></strong></span> <span class='ocrx_word' id='word_1_224' title='bbox 1571 3575 1669 3639; x_wconf 89' lang='lat' dir='ltr'><strong><em>IV</em></strong></span> <span class='ocrx_word' id='word_1_225' title='bbox 1742 3580 1855 3659; x_wconf 89' lang='lat'><strong><em>11,</em></strong></span> <span class='ocrx_word' id='word_1_226' title='bbox 1921 3579 1958 3640; x_wconf 87' lang='lat'>6</span> <span class='ocrx_word' id='word_1_227' title='bbox 2032 3598 2190 3661; x_wconf 84' lang='lat' dir='ltr'><strong><em>quae</em></strong></span> <span class='ocrx_word' id='word_1_228' title='bbox 2257 3580 2469 3641; x_wconf 87' lang='lat' dir='ltr'><strong><em>omnia</em></strong></span> <span class='ocrx_word' id='word_1_229' title='bbox 2532 3580 2895 3663; x_wconf 87' lang='lat' dir='ltr'><strong><em>apertius</em></strong></span> 
     </span>
     <span class='ocr_line' id='line_1_29' title="bbox 645 3678 2895 3765; baseline 0.002 -21"><span class='ocrx_word' id='word_1_230' title='bbox 645 3678 1072 3764; x_wconf 79' lang='grc' dir='ltr'>(σαφέστερον)</span> <span class='ocrx_word' id='word_1_231' title='bbox 1123 3729 1137 3743; x_wconf 94' lang='grc'><strong>.</strong></span> <span class='ocrx_word' id='word_1_232' title='bbox 1171 3729 1186 3744; x_wconf 91' lang='grc'><strong>.</strong></span> <span class='ocrx_word' id='word_1_233' title='bbox 1221 3726 1232 3739; x_wconf 93' lang='grc'><strong>.</strong></span> <span class='ocrx_word' id='word_1_234' title='bbox 1277 3682 1346 3743; x_wconf 89' lang='lat' dir='ltr'><strong><em>in</em></strong></span> <span class='ocrx_word' id='word_1_235' title='bbox 1390 3682 1543 3763; x_wconf 87' lang='lat' dir='ltr'><strong><em>ipsis</em></strong></span> <span class='ocrx_word' id='word_1_236' title='bbox 1586 3701 1802 3743; x_wconf 86' lang='lat' dir='ltr'><strong><em>rerum</em></strong></span> <span class='ocrx_word' id='word_1_237' title='bbox 1848 3681 2231 3745; x_wconf 80' lang='lat' dir='ltr'><strong><em>documentis</em></strong></span> <span class='ocrx_word' id='word_1_238' title='bbox 2293 3688 2603 3765; x_wconf 86' lang='lat' dir='ltr'><strong><em>apparent</em></strong></span> <span class='ocrx_word' id='word_1_239' title='bbox 2646 3681 2670 3765; x_wconf 69' lang='lat' dir='ltr'><strong><em>l!</em></strong></span> <span class='ocrx_word' id='word_1_240' title='bbox 2717 3688 2775 3762; x_wconf 90' lang='grc'><strong><em>6,</em></strong></span> <span class='ocrx_word' id='word_1_241' title='bbox 2819 3686 2895 3747; x_wconf 89' lang='grc'><strong><em>28</em></strong></span> 
     </span>
     <span class='ocr_line' id='line_1_30' title="bbox 645 3782 2895 3870; baseline 0.001 -21"><span class='ocrx_word' id='word_1_242' title='bbox 645 3785 999 3849; x_wconf 88' lang='lat' dir='ltr'><strong><em>constitutio</em></strong></span> <span class='ocrx_word' id='word_1_243' title='bbox 1046 3790 1336 3867; x_wconf 86' lang='lat' dir='ltr'><strong><em>aperte</em></strong></span> <span class='ocrx_word' id='word_1_244' title='bbox 1382 3782 1659 3868; x_wconf 78' lang='grc' dir='ltr'>(σαφιῢς)</span> <span class='ocrx_word' id='word_1_245' title='bbox 1709 3833 1722 3848; x_wconf 96' lang='grc'><strong>.</strong></span> <span class='ocrx_word' id='word_1_246' title='bbox 1757 3832 1772 3847; x_wconf 91' lang='grc'><strong>.</strong></span> <span class='ocrx_word' id='word_1_247' title='bbox 1806 3832 1821 3847; x_wconf 91' lang='grc'><strong>.</strong></span> <span class='ocrx_word' id='word_1_248' title='bbox 1870 3785 2179 3868; x_wconf 83' lang='lat' dir='ltr'><strong><em>disposuit</em></strong></span> <span class='ocrx_word' id='word_1_249' title='bbox 2210 3783 2234 3867; x_wconf 83' lang='grc' dir='ltr'>Η</span> <span class='ocrx_word' id='word_1_250' title='bbox 2272 3787 2381 3865; x_wconf 92' lang='grc'><strong><em>14,</em></strong></span> <span class='ocrx_word' id='word_1_251' title='bbox 2429 3788 2466 3848; x_wconf 85' lang='grc'><strong>3</strong></span> <span class='ocrx_word' id='word_1_252' title='bbox 2531 3788 2895 3870; x_wconf 86' lang='lat' dir='ltr'><strong><em>apertius</em></strong></span> 
     </span>
     <span class='ocr_line' id='line_1_31' title="bbox 644 3908 1022 3972; baseline -0.003 -20"><span class='ocrx_word' id='word_1_253' title='bbox 644 3908 1022 3972; x_wconf 73' lang='lat' dir='ltr'><strong><em>coynoscere.</em></strong></span> 
     </span>
    </p>

    <p class='ocr_par' dir='ltr' id='par_1_10' title="bbox 643 3989 2897 4594">
     <span class='ocr_line' id='line_1_32' title="bbox 745 3989 2895 4075; baseline 0 -19"><span class='ocrx_word' id='word_1_254' title='bbox 745 4016 751 4023; x_wconf 92' lang='lat'><strong>·</strong></span> <span class='ocrx_word' id='word_1_255' title='bbox 851 3993 926 4056; x_wconf 92' lang='lat' dir='ltr'><strong><em>In</em></strong></span> <span class='ocrx_word' id='word_1_256' title='bbox 982 3991 1159 4055; x_wconf 80' lang='lat' dir='ltr'><strong><em>libris</em></strong></span> <span class='ocrx_word' id='word_1_257' title='bbox 1222 3990 1254 4054; x_wconf 94' lang='grc' dir='ltr'><strong>Ι</strong></span> <span class='ocrx_word' id='word_1_258' title='bbox 1317 3996 1380 4056; x_wconf 84' lang='lat' dir='ltr'><strong><em>et</em></strong></span> <span class='ocrx_word' id='word_1_259' title='bbox 1441 3989 1512 4053; x_wconf 94' lang='lat' dir='ltr'><strong><em>II</em></strong></span> <span class='ocrx_word' id='word_1_260' title='bbox 1577 3997 1789 4073; x_wconf 83' lang='lat' dir='ltr'><strong><em>aperte</em></strong></span> <span class='ocrx_word' id='word_1_261' title='bbox 1846 3989 2081 4055; x_wconf 79' lang='lat' dir='ltr'><strong><em>frustra</em></strong></span> <span class='ocrx_word' id='word_1_262' title='bbox 2140 4010 2439 4075; x_wconf 51' lang='lat' dir='ltr'><strong><em>quaeram</em></strong></span> <span class='ocrx_word' id='word_1_263' title='bbox 2500 3992 2633 4056; x_wconf 83' lang='lat' dir='ltr'><strong><em>eius</em></strong></span> <span class='ocrx_word' id='word_1_264' title='bbox 2694 3993 2895 4057; x_wconf 86' lang='lat' dir='ltr'><strong><em>locum</em></strong></span> 
     </span>
     <span class='ocr_line' id='line_1_33' title="bbox 647 4093 2895 4181; baseline 0 -21"><span class='ocrx_word' id='word_1_265' title='bbox 647 4102 917 4181; x_wconf 84' lang='lat' dir='ltr'><strong><em>occupat</em></strong></span> <span class='ocrx_word' id='word_1_266' title='bbox 961 4094 1286 4174; x_wconf 84' lang='lat' dir='ltr'><strong><em>evidenter,</em></strong></span> <span class='ocrx_word' id='word_1_267' title='bbox 1334 4094 1496 4177; x_wconf 85' lang='lat' dir='ltr'><strong><em>quod</em></strong></span> <span class='ocrx_word' id='word_1_268' title='bbox 1548 4093 1803 4177; x_wconf 83' lang='lat' dir='ltr'><strong><em>quidem</em></strong></span> <span class='ocrx_word' id='word_1_269' title='bbox 1849 4096 1912 4158; x_wconf 92' lang='lat' dir='ltr'><strong><em>in</em></strong></span> <span class='ocrx_word' id='word_1_270' title='bbox 1957 4094 2131 4158; x_wconf 87' lang='lat' dir='ltr'><strong><em>libris</em></strong></span> <span class='ocrx_word' id='word_1_271' title='bbox 2178 4094 2283 4158; x_wconf 93' lang='lat' dir='ltr'><strong><em>III</em></strong></span> <span class='ocrx_word' id='word_1_272' title='bbox 2329 4101 2395 4159; x_wconf 85' lang='lat' dir='ltr'><strong><em>et</em></strong></span> <span class='ocrx_word' id='word_1_273' title='bbox 2438 4095 2537 4160; x_wconf 89' lang='lat' dir='ltr'><strong><em>IV</em></strong></span> <span class='ocrx_word' id='word_1_274' title='bbox 2594 4119 2895 4181; x_wconf 80' lang='lat' dir='ltr'><strong><em>nusquam</em></strong></span> 
     </span>
     <span class='ocr_line' id='line_1_34' title="bbox 646 4197 2897 4285; baseline 0.001 -22"><span class='ocrx_word' id='word_1_275' title='bbox 646 4200 954 4263; x_wconf 81' lang='lat' dir='ltr'><strong><em>occurrit:</em></strong></span> <span class='ocrx_word' id='word_1_276' title='bbox 1014 4197 1084 4260; x_wconf 92' lang='lat' dir='ltr'><strong><em>II</em></strong></span> <span class='ocrx_word' id='word_1_277' title='bbox 1131 4199 1233 4279; x_wconf 90' lang='grc'><strong><em>20,</em></strong></span> <span class='ocrx_word' id='word_1_278' title='bbox 1281 4199 1360 4260; x_wconf 85' lang='grc'><strong><em>27</em></strong></span> <span class='ocrx_word' id='word_1_279' title='bbox 1409 4197 1573 4281; x_wconf 79' lang='lat' dir='ltr'><strong><em>quod</em></strong></span> <span class='ocrx_word' id='word_1_280' title='bbox 1631 4198 2063 4262; x_wconf 82' lang='lat' dir='ltr'><strong><em>evidenter</em></strong></span> <span class='ocrx_word' id='word_1_281' title='bbox 2118 4198 2532 4282; x_wconf 80' lang='grc' dir='ltr'>(σαφέστατα)</span> <span class='ocrx_word' id='word_1_282' title='bbox 2589 4220 2663 4263; x_wconf 65' lang='grc' dir='ltr'><strong><em>θα)</em></strong></span> <span class='ocrx_word' id='word_1_283' title='bbox 2706 4202 2897 4285; x_wconf 88' lang='lat' dir='ltr'><strong><em>ipsius</em></strong></span> 
     </span>
     <span class='ocr_line' id='line_1_35' title="bbox 646 4298 2893 4383; baseline 0.001 -18"><span class='ocrx_word' id='word_1_284' title='bbox 646 4301 1103 4371; x_wconf 86' lang='lat' dir='ltr'><strong><em>constitutionis</em></strong></span> <span class='ocrx_word' id='word_1_285' title='bbox 1147 4301 1399 4364; x_wconf 87' lang='lat' dir='ltr'><strong><em>lectione</em></strong></span> <span class='ocrx_word' id='word_1_286' title='bbox 1445 4300 1734 4363; x_wconf 85' lang='lat' dir='ltr'><strong><em>clarescit</em></strong></span> <span class='ocrx_word' id='word_1_287' title='bbox 1764 4298 1787 4383; x_wconf 84' lang='grc' dir='ltr'><strong><em>ΙΙ</em></strong></span> <span class='ocrx_word' id='word_1_288' title='bbox 1822 4304 1893 4382; x_wconf 88' lang='grc'><strong><em>8,</em></strong></span> <span class='ocrx_word' id='word_1_289' title='bbox 1942 4304 1981 4365; x_wconf 91' lang='grc'><strong>2</strong></span> <span class='ocrx_word' id='word_1_290' title='bbox 2028 4302 2133 4365; x_wconf 92' lang='lat' dir='ltr'><strong><em>sed</em></strong></span> <span class='ocrx_word' id='word_1_291' title='bbox 2178 4302 2363 4365; x_wconf 89' lang='lat' dir='ltr'><strong><em>etiam</em></strong></span> <span class='ocrx_word' id='word_1_292' title='bbox 2416 4300 2529 4365; x_wconf 80' lang='lat' dir='ltr'><strong><em>hoc</em></strong></span> <span class='ocrx_word' id='word_1_293' title='bbox 2573 4304 2893 4367; x_wconf 84' lang='lat' dir='ltr'><strong><em>eviden-</em></strong></span> 
     </span>
     <span class='ocr_line' id='line_1_36' title="bbox 643 4405 2892 4491; baseline 0.003 -24"><span class='ocrx_word' id='word_1_294' title='bbox 643 4406 964 4468; x_wconf 88' lang='lat' dir='ltr'><strong><em>tissima</em></strong></span> <span class='ocrx_word' id='word_1_295' title='bbox 1025 4405 1350 4467; x_wconf 89' lang='lat' dir='ltr'><strong><em>ratione</em></strong></span> <span class='ocrx_word' id='word_1_296' title='bbox 1409 4410 1711 4467; x_wconf 88' lang='lat' dir='ltr'><strong><em>statutum</em></strong></span> <span class='ocrx_word' id='word_1_297' title='bbox 1756 4411 1846 4468; x_wconf 89' lang='lat' dir='ltr'><strong><em>est</em></strong></span> <span class='ocrx_word' id='word_1_298' title='bbox 1901 4407 1971 4469; x_wconf 91' lang='lat' dir='ltr'><strong><em>in</em></strong></span> <span class='ocrx_word' id='word_1_299' title='bbox 2018 4406 2481 4489; x_wconf 80' lang='lat' dir='ltr'><strong><em>constitutione,</em></strong></span> <span class='ocrx_word' id='word_1_300' title='bbox 2529 4428 2716 4491; x_wconf 79' lang='lat' dir='ltr'><strong><em>quam</em></strong></span> <span class='ocrx_word' id='word_1_301' title='bbox 2764 4459 2779 4474; x_wconf 92' lang='lat'><strong>.</strong></span> <span class='ocrx_word' id='word_1_302' title='bbox 2824 4457 2837 4472; x_wconf 91' lang='lat'><strong>.</strong></span> <span class='ocrx_word' id='word_1_303' title='bbox 2878 4458 2892 4473; x_wconf 92' lang='lat'><em>.</em></span> 
     </span>
     <span class='ocr_line' id='line_1_37' title="bbox 645 4504 1560 4594; baseline 0 -23"><span class='ocrx_word' id='word_1_304' title='bbox 645 4504 1146 4594; x_wconf 70' lang='grc' dir='ltr'><em>(σαφεστάτῃ</em></span> <span class='ocrx_word' id='word_1_305' title='bbox 1192 4505 1560 4589; x_wconf 59' lang='grc' dir='ltr'><strong><em>[ὁτατάξειᾨ.</em></strong></span> 
     </span>
    </p>
   </div>
   <div class='ocr_carea' id='block_1_5' title="bbox 3102 0 3110 2787">
    <p class='ocr_par' dir='ltr' id='par_1_11' title="bbox 3102 0 3110 2787">
     <span class='ocr_line' id='line_1_38' title="bbox 3102 0 3110 2787; baseline 0 0"><span class='ocrx_word' id='word_1_306' title='bbox 3102 0 3110 2787; x_wconf 95' lang='lat' dir='ltr'><strong><em> </em></strong></span> 
     </span>
    </p>
   </div>
  </div>
 </body>
</html>
