3150 5259
1335 554 1470 636 [⁷3]
2448 554 2529 615 23

269 738 493 826 patum
541 747 652 821 est,
699 742 809 805 cfr.
871 742 904 805 I
953 746 1026 807 11
1052 789 1068 821 ,
1115 747 1154 807 4
1201 742 1372 827 apud
1417 738 1841 827 Theophilum
1889 745 1996 832 qui
2044 744 2273 808 dicitur
2318 739 2527 829 ἐπειδή

264 843 409 924 πρό
425 872 452 922 ς
499 874 546 926 μ
566 846 696 929 ι’,ιιη
714 868 783 909 σι
801 874 832 909 ν
877 853 986 929 τῆς
1031 844 1272 931 φύσεως
1302 844 1689 930 ἐπινενόηται,
1723 850 1831 912 ubi
1860 848 1922 911 in
1955 854 2138 913 textu
2171 848 2524 923 Iustiniano

265 949 578 1013 habemus
625 950 878 1033 adoptio
922 957 1226 1014 naturam
1267 951 1370 1013 im
1387 951 1412 1011 i
1430 957 1455 1013 t
1471 971 1512 1013 a
1529 956 1611 1014 tn
1625 974 1677 1015 r.

473 1054 549 1117 In
607 1054 1064 1137 posterioribus
1123 1055 1297 1119 libris
1358 1055 1608 1118 illarum
1655 1076 1885 1119 vocum
1930 1056 2066 1119 vice
2111 1054 2395 1138 fungitur
2442 1053 2527 1116 ad

259 1157 766 1221 similitudinem:
857 1157 961 1221 III
1021 1162 1080 1239 4,
1142 1160 1170 1220 1
1241 1164 1312 1221 nt
1380 1179 1420 1221 a
1442 1158 1485 1221 d
1551 1160 1907 1224 similitu
1926 1159 2008 1223 di
2023 1180 2065 1223 n
2082 1180 2188 1223 em
2250 1159 2527 1232 filiorum

249 1261 653 1346 filiarumque
725 1269 1018 1327 vocentur
1091 1262 1413 1347 (Theoph.
1494 1290 1579 1327 κα
1598 1260 1689 1326 τά
1774 1290 1820 1343 Ιιι
1842 1264 1867 1325 ί
1880 1290 1928 1342 μ
1944 1287 1985 1346 η
2002 1284 2070 1327 σι
2088 1289 2121 1323 ν
2207 1260 2343 1325 vim?
2430 1261 2528 1323 καὶ

262 1363 600 1446 θυγατρός)
635 1365 658 1446 ΙΙ
693 1368 750 1448 6,
804 1369 881 1430 10
939 1366 1040 1430 ad
1101 1366 1743 1431 similitudinem
1800 1387 2011 1431 eornm
2073 1368 2184 1452 qni
2225 1386 2299 1428 ew
2342 1362 2527 1428 iustis

256 1470 498 1551 nuptiis
562 1472 887 1553 procreati
961 1477 1108 1535 sunt
1193 1466 1267 1552 (π
1286 1496 1318 1550 ρ
1343 1466 1420 1545 ὸς
1491 1496 1537 1549 μ
1559 1470 1641 1549 ipe
1660 1495 1699 1553 η
1720 1495 1783 1534 σι
1803 1497 1835 1531 ν
1909 1470 2034 1534 τῶν
2108 1471 2173 1544 ἐξ
2258 1466 2530 1547 ἐννόμων

259 1569 614 1652 τεχθέντα)ν
681 1571 926 1656 γάμων)
960 1572 983 1655 ΙΙ
1025 1576 1119 1651 10,
1169 1576 1206 1637 2
1253 1574 1510 1637 eandem
1577 1573 2042 1657 dispositionem
2108 1574 2488 1637 coartavi
2501 1609 2527 1621 -

259 1695 427 1737 mns
489 1675 584 1737 ad
640 1678 1000 1741 similitu
1015 1678 1058 1741 d
1075 1679 1153 1741 in
1170 1698 1272 1741 em
1331 1679 1732 1741 naturalium
1770 1684 2107 1760 parentum
2152 1675 2279 1763 (τῷ
2338 1699 2530 1757 προσ-

261 1783 546 1865 πορισμῷ
609 1782 734 1842 τῶν
796 1786 1064 1864 φυσικῶν
1125 1779 1349 1863 γονέων
1409 1784 1631 1844 τοῦτον
1694 1779 1731 1844 ἀ
1752 1779 2065 1863 φομοιιό
2084 1804 2247 1860 σας,
2302 1781 2410 1843 cfr.
2457 1780 2527 1844 II

265 1884 324 1964 7,
377 1886 403 1945 1
455 1882 570 1947 hae
613 1886 832 1948 mortis
879 1906 1074 1949 eausa
1119 1886 1484 1949 donationes
1543 1907 1583 1948 a
1604 1886 1647 1949 d
1692 1907 1777 1949 ex
1794 1906 1823 1949 e
1839 1887 2050 1968 mpla
2070 1906 2133 1949 m
2177 1886 2527 1968 leyatornm

259 1986 456 2049 reda
473 2007 502 2049 e
519 1994 542 2050 t
562 2007 642 2051 ae
687 1995 870 2051 sunt
901 2018 983 2041 =
1014 1978 1191 2053 αὗται
1237 1988 1300 2052 δὲ
1329 1988 1393 2051 αἱ
1438 1989 1659 2054 mortis
1706 2011 1899 2054 causa
1944 1992 2169 2071 δωρεαὶ
2214 1990 2291 2052 ἕο
2310 1988 2380 2051 tn
2398 2015 2437 2051 a
2454 2011 2522 2051 σι

259 2090 562 2178 ληγοῖτῳ).

1327 2308 1465 2390 §8.

1038 2421 1756 2487 Coniunctiones.

465 2614 522 2677 1.
615 2610 898 2675 Ceteram»
933 2612 1112 2676 deest
1157 2612 1222 2674 in
1266 2612 1576 2696 prioribus
1607 2613 1801 2691 libris,
1849 2619 2030 2678 extat
2058 2614 2123 2677 in
2154 2616 2519 2698 posteriori-

258 2716 406 2779 bus:
451 2716 555 2780 III
601 2718 658 2796 2,
705 2720 744 2781 3
793 2723 1141 2781 ceterum
1183 2717 1351 2779 inter
1395 2719 1709 2782 masculos
1752 2719 2000 2803 quidem
2048 2768 2061 2783 .
2094 2771 2105 2783 .
2144 2770 2158 2783 .
2205 2719 2519 2784 hereditas

305 2867 320 2882 .
354 2866 368 2881 .
417 2821 671 2902 eapitur
702 2820 726 2903 ΙΙ
759 2820 858 2884 IV
909 2825 1025 2901 7,5
1076 2828 1422 2885 ceterum
1467 2820 1725 2885 dubium
1768 2840 1893 2885 non
1937 2829 2045 2905 est,
2090 2824 2241 2908 quin
2272 2822 2295 2907 ΙΙ
2330 2828 2388 2906 9,
2420 2847 2515 2909 pr.

257 2929 614 2987 ceterum
684 2926 743 2987 si
815 2926 1109 3009 qenitalis
1179 2927 1261 2989 sit
1329 2924 1596 3008 feritaS,
1656 2932 1851 2990 cessat
1882 2922 1905 3008 ΙΙ
1942 2928 2006 3003 9,
2075 2930 2105 2989 1
2172 2934 2519 2993 ceterum

253 3026 582 3119 sciendum
626 3034 731 3091 est.

461 3129 700 3195 Contra
730 3131 799 3195 II
834 3134 890 3215 7,
938 3134 977 3195 2
1009 3131 1235 3195 dicitur
1281 3133 1601 3197 sciendam
1634 3140 1899 3197 tamen
1943 3140 2049 3197 est.
2100 3135 2289 3215 [conf.
2326 3137 2519 3200 etiam

255 3234 394 3316 hos,
428 3255 699 3319 quorum
724 3236 1100 3319 significatio
1133 3237 1525 3320 aliquantum
1554 3235 1764 3317 distat,
1795 3238 2003 3302 locos:
2034 3238 2168 3303 sed
2196 3240 2516 3303 sciendum

252 3344 342 3402 est
385 3338 420 3401 I
470 3341 568 3422 14,
621 3341 648 3404 1
702 3345 766 3402 et
797 3340 1114 3404 sciendum
1158 3346 1416 3404 antem
1463 3348 1551 3405 est
1596 3341 1628 3405 Ι
1670 3342 1771 3421 24,
1818 3340 1902 3423 2].

459 3445 518 3507 2.
608 3442 821 3507 Donec
866 3444 1225 3508 coniunctio
1272 3445 1642 3529 temporalis
1688 3444 1793 3509 III
1839 3447 1957 3527 23,
2011 3467 2103 3528 pr.
2155 3452 2218 3511 et
2261 3445 2358 3511 IV
2418 3449 2515 3528 12,

251 3566 345 3628 pr.
379 3567 519 3609 cum
552 3547 895 3611 indicativo
931 3550 1268 3613 coniuncta
1300 3555 1428 3614 est:
1474 3549 1582 3613 III
1613 3551 1716 3631 23,
1748 3570 1841 3635 pr.
1876 3550 2127 3614 donec
2159 3553 2271 3628 (τε
2305 3548 2515 3632 ‘dum’)

254 3649 419 3713 deest
460 3646 480 3735 Η
529 3649 624 3714 IV
689 3653 800 3733 12,
864 3672 958 3735 pr.
1019 3652 1266 3715 donee
1315 3702 1328 3717 .
1362 3700 1377 3715 .
1437 3651 1745 3715 dederunt
1803 3652 1963 3737 (quo
2022 3654 2163 3716 loco
2222 3654 2517 3717 coniunc-

253 3751 453 3817 tivum
544 3775 782 3839 ponere
874 3776 1001 3820 non
1088 3754 1370 3836 licebat).
1488 3754 1731 3819 Eadem
1826 3755 1894 3820 ΙΙ
1995 3758 2104 3839 17,
2198 3772 2291 3841 pr.
2374 3777 2517 3820 cum

253 3857 652 3922 subiunctivo
712 3859 802 3922 ita
849 3859 1226 3936 conectitur,
1292 3865 1364 3922 ut
1408 3860 1470 3921 in
1519 3859 1848 3924 enuntiato
1902 3860 2198 3945 primario
2244 3858 2516 3924 addatur

252 3982 443 4047 nsque
491 3981 590 4026 eo:
653 3968 1081 4027 testamentum
1127 3964 1266 4027 inre
1300 3962 1560 4045 factum
1603 3984 1849 4047 nsque
1892 3983 1972 4027 eo
2016 3964 2213 4044 valet,
2274 3962 2517 4027 donec

257 4072 602 4149 rumpatur
643 4068 985 4130 irritnmve
1010 4068 1146 4146 fiat.

456 4172 518 4235 3.
611 4170 686 4235 Si
727 4171 910 4235 modo
953 4171 1131 4235 initio
1179 4170 1623 4235 condicionum
1669 4172 1731 4235 in
1765 4170 2016 4235 duobus
2057 4169 2517 4256 posterioribus

251 4272 422 4337 libris
467 4272 685 4336 novies
730 4273 997 4356 legitur:
1043 4273 1238 4356 IIII,
1276 4276 1391 4356 103
1447 4276 1641 4354 19,5;
1690 4276 1790 4352 27,
1826 4276 1899 4355 13
1945 4273 2041 4337 IV
2088 4277 2148 4355 3,
2182 4276 2253 4354 33
2310 4276 2403 4355 15,
2437 4278 2513 4357 43

258 4378 352 4455 15,
401 4377 512 4453 4⁸3
572 4376 646 4458 6,
699 4376 796 4439 17.
885 4375 1102 4462 Atque
1171 4397 1315 4441 cum
1383 4376 1489 4439 III
1561 4379 1673 4455 14,
1743 4378 1781 4439 2
1848 4376 2098 4460 legatur
2162 4378 2234 4439 si
2293 4377 2516 4441 modo

237 4479 494 4561 poterit,
558 4477 668 4541 ubi
706 4476 978 4563 Digesta
1042 4481 1286 4546 habent
1347 4480 1623 4565 simplex
1684 4481 1743 4543 si
1788 4480 2185 4563 (XXXXIV
2235 4482 2291 4563 7,
2341 4483 2395 4558 1,
2443 4483 2515 4559 4)

251 4579 598 4666 eademque
660 4580 694 4663 ξ
749 4583 822 4645 si
863 4583 1090 4647 modo
1137 4628 1150 4645 .
1185 4634 1200 4649 .
1238 4634 1252 4647 .
1296 4585 1695 4648 intervenerit
1740 4590 2063 4667 occurrat,
2122 4583 2233 4647 ubi
2294 4583 2357 4649 in
2404 4582 2517 4649 Di-
