3150 5259
1370 502 1514 589 [si]
2488 508 2573 571 37

309 698 568 781 quidem
612 697 1092 761 Institutionum
1137 702 1320 779 parte
1367 695 1642 759 alienum
1677 701 1797 779 est,
1846 691 1957 760 sed
2000 695 2237 779 legitur
2266 696 2371 759 III
2417 700 2474 776 4,
2500 700 2573 779 23

313 806 374 880 4,
419 801 488 881 33
549 803 652 881 20,
701 803 766 883 83
833 800 931 864 IV
979 804 1038 880 4,
1088 802 1200 881 1ος
1247 803 1305 879 9,
1357 802 1410 864 1.

518 908 576 969 5.
669 905 955 969 Verbum
1016 906 1307 987 amplecti
1360 903 1760 969 desideratur
1819 905 1883 968 in
1942 904 2119 967 libris
2163 902 2196 966 Ι
2243 910 2307 967 et
2352 902 2442 985 ΙΙ,
2486 904 2574 968 le-

313 1008 486 1091 gitur
529 1016 744 1072 autem
790 1009 852 1071 in
899 1008 1073 1073 libris
1118 996 1332 1071 111'et
1376 1006 1474 1070 IV
1536 1014 1793 1092 quater:
1873 1006 1969 1070 IV
2036 1011 2102 1070 ll
2156 1029 2249 1092 pr.
2294 1006 2573 1071 satisda-

311 1113 549 1175 tionum
589 1112 790 1177 alium
833 1112 1088 1175 modum
1131 1112 1374 1175 novitas
1409 1131 1559 1195 per
1604 1128 1816 1175 usum
1861 1111 2213 1193 amplexa
2261 1116 2413 1191 est,
2462 1110 2571 1174 cfr.

313 1216 348 1279 I
393 1218 450 1293 2,
500 1219 537 1279 9
581 1236 656 1278 ecc
699 1236 824 1279 non
867 1217 1102 1298 scripto
1161 1217 1264 1279 ius
1308 1217 1470 1279 venit
1513 1216 1680 1299 quod
1721 1235 1905 1279 usus
1968 1213 2513 1297 comprobavit
2554 1211 2574 1296 Η

312 1318 498 1399 1111,
529 1320 604 1381 2·
625 1339 724 1385 eos
747 1338 896 1403 quos
919 1325 1168 1382 nostrae
1213 1320 1627 1402 ampleoeae
1672 1324 1844 1381 sunt
1903 1317 2569 1398 constitutiones,

311 1423 418 1486 cfr.
465 1423 533 1486 II
592 1425 659 1500 6,
732 1424 801 1484 14
863 1421 1012 1485 haec
1073 1422 1296 1485 statuit
1357 1425 1516 1505 quae
1575 1422 1647 1483 in
1691 1420 2022 1504 fiscalibus
2086 1418 2571 1484 alienationibus

303 1526 646 1610 praefatae
720 1524 1122 1588 Zenonianae
1197 1526 1826 1588 constitutionis
1900 1524 2432 1587 continentur
2509 1530 2572 1585 et

317 1634 414 1711 18,
461 1632 498 1693 6
542 1630 688 1693 aliis
731 1628 933 1691 modis
977 1629 1086 1712 qui
1143 1625 1891 1691 constitutionibus
1956 1628 2510 1690 continentur
2553 1623 2571 1707 ΙΙ

310 1732 415 1797 III
462 1735 520 1809 2,
567 1753 660 1816 pr.
708 1738 775 1795 ut
821 1732 1424 1795 successionem
1468 1750 1709 1815 quoquo
1755 1730 1934 1794 modo
1980 1730 2571 1813 amplectatur3

309 1859 426 1921 pro
464 1856 588 1921 quo
636 1835 1022 1917 compositor
1065 1835 1290 1919 prioris
1339 1835 1552 1919 partis,
1602 1834 1835 1919 quippe
1882 1834 1985 1918 qui
2035 1832 2104 1895 II
2150 1836 2208 1913 9,
2255 1836 2293 1895 4
2341 1831 2570 1896 dixerit

307 1942 363 2004 si
407 1960 594 2025 quam
633 1939 1250 2021 possessionem
1298 1988 1311 2003 .
1348 1989 1361 2002 .
1400 1989 1413 2003 .
1462 1938 1756 2020 adepti
1800 1936 2177 2017 fuerint,
2226 1936 2439 2001 nescio
2488 1956 2571 1999 an

310 2043 703 2126 adipiscatur
748 2042 1094 2125 scripturus
1143 2040 1356 2122 fuerit,
1402 2041 1512 2105 cfr.
1562 2040 1716 2105 Cod.
1762 2039 1830 2103 II
1876 2043 1978 2120 52,
2026 2042 2083 2119 5,
2133 2042 2169 2101 3
2232 2058 2373 2101 cum
2426 2059 2569 2103 vero

307 2148 514 2211 maior
557 2146 1137 2209 successionem
1163 2144 1313 2227 fue
1334 2146 1449 2208 rit
1490 2144 1846 2227 adeptus
1881 2145 2161 2207 minoris.
2225 2144 2573 2209 Praeterea

306 2252 615 2333 reperitur
684 2248 948 2311 verbum
1023 2250 1314 2330 amplecti
1379 2248 1483 2312 III
1547 2251 1587 2312 2
1608 2298 1624 2329 ,
1672 2253 1744 2311 3·
1808 2248 2270 2331 simplicitatem
2335 2245 2571 2330 leqibus

311 2356 580 2417 amicam
627 2353 1022 2435 amplexa.

513 2460 572 2522 6.
665 2455 853 2530 Quod
897 2454 1168 2539 legimus
1217 2454 1316 2519 IV
1369 2460 1464 2538 16,
1514 2458 1543 2519 1
1596 2456 1762 2541 quod
1808 2457 1942 2519 alia
1987 2462 2211 2519 nostra
2265 2455 2569 2519 consti-

309 2562 639 2624 tutione
687 2558 1330 2643 comprehensum
1389 2558 1562 2642 estu
1596 2558 1700 2622 III
1760 2563 1835 2641 9,
1884 2562 1920 2622 8
1986 2559 2205 2643 quibus
2247 2564 2319 2621 ut
2364 2558 2569 2638 detur,

309 2665 482 2747 leqe
531 2663 1192 2745 comprehensum
1237 2670 1382 2746 est,
1447 2686 1524 2729 eo
1584 2663 1777 2726 verbo
1842 2668 2059 2727 carent
2100 2663 2348 2746 priores
2407 2660 2569 2742 libri,

311 2768 418 2831 ubi
465 2767 691 2831 eodem
738 2766 927 2830 modo
977 2775 1356 2851 usurpatur:
1408 2765 1471 2830 II
1502 2770 1561 2848 8,
1595 2770 1634 2831 2
1679 2767 1792 2831 hoc
1824 2766 2282 2831 evidentissima
2326 2768 2573 2829 ratione

309 2877 705 2935 statutum
747 2877 864 2934 est
906 2872 993 2934 in
1035 2872 1651 2935 constitutione.

517 2979 574 3040 7.
664 2975 930 3059 Legitur
972 2975 1007 3038 Ι
1055 2978 1155 3052 12,
1202 2976 1527 3059 6fictione
1545 2976 1827 3059 pristina
1875 2976 2216 3059 explosa
2246 2975 2272 3053 11
2303 2970 2371 3036 ΙΙ
2402 2974 2506 3055 23,
2536 2975 2569 3039 'l

310 3078 639 3162 exploso
701 3080 1240 3142 senatusconsulto
1299 3077 1687 3162 Peqasian03
1746 3084 1962 3143 contra
2007 3078 2110 3142 III
2159 3081 2192 3142 7
2215 3126 2230 3157 ‚
2278 3080 2317 3141 4
2377 3080 2572 3161 leyem

306 3180 571 3245 Iuniam
591 3189 646 3245 et
677 3184 1280 3247 senatusconsultum
1303 3182 1711 3267 Larqianum
1740 3190 1795 3247 et
1824 3184 2093 3247 edictum
2137 3182 2267 3246 divi
2297 3180 2573 3245 Traiani

311 3285 354 3348 d
373 3287 440 3349 el
454 3286 574 3348 eri
619 3287 966 3349 censuimus
996 3288 1020 3367 Η
1057 3287 1154 3366 12,
1187 3292 1210 3349 1
1264 3288 1867 3351 senatusconsultum
1916 3284 2363 3362 Claudianum,
2409 3285 2573 3369 quod

305 3409 347 3451 a
391 3395 606 3452 nostra
657 3390 906 3454 civitate
950 3390 1218 3455 deleri
1262 3393 1690 3455 concessimus,

514 3493 574 3556 8.
665 3491 833 3556 Item
902 3492 1266 3577 discrepant
1311 3493 1344 3557 Ι
1394 3496 1466 3576 2,
1533 3498 1611 3558 10
1679 3496 1857 3586 oriyo
1921 3495 2052 3558 eius
2118 3494 2194 3558 ab
2262 3494 2569 3558 institutis

308 3595 586 3658 duarum
633 3596 978 3660 civitatium
1031 3596 1411 3679 fluxisse
1475 3599 1724 3662 videtur
1789 3605 1851 3662 et
1898 3596 1994 3660 IV
2042 3602 2115 3680 6,
2162 3600 2244 3662 24
2309 3618 2383 3661 ex
2446 3618 2571 3682 qua

307 3699 492 3763 dubio
526 3702 758 3782 procul
801 3708 890 3764 est
934 3720 1008 3764 ex
1050 3703 1179 3785 leye
1227 3704 1657 3767 condicticiam
1703 3722 2098 3766 emanare.

513 3806 573 3868 9.
665 3803 801 3869 Nec
845 3826 1026 3871 secus
1073 3806 1141 3869 II
1190 3809 1325 3888 7‚‘4
1372 3806 1847 3871 humanioribus
1892 3807 2158 3871 dominis
2204 3806 2572 3869 damnum

305 3907 630 3991 inferri
673 3914 737 3973 et
779 3909 878 3973 IV
923 3913 980 3991 8,
1027 3933 1116 3995 pr.
1165 3912 1283 3975 si.
1320 3960 1334 3975 .
1372 3962 1386 3976 .
1434 3910 1804 3975 damnum
1851 3910 2233 3975 dederint
2279 3908 2420 3990 (cfr.
2470 3907 2569 3972 IV

303 4012 363 4089 3,
418 4014 492 4075 16
537 4014 610 4075 si
654 4012 1026 4077 damnum
1072 4014 1393 4078 dederit
1441 4042 1521 4067 =
1570 4015 1693 4078 Grai
1723 4015 1864 4078 inst.
1900 4013 2008 4077 III
2040 4016 2221 4090 219).
2283 4010 2569 4075 Verbum

305 4115 550 4197 inferre
597 4122 808 4179 tamen
853 4136 982 4179 non
1025 4117 1378 4182 inauditum
1427 4124 1526 4183 est
1569 4119 1633 4182 in
1676 4117 2032 4202 posteriore
2084 4117 2567 4181 Institutionum

307 4224 506 4302 parte,
554 4217 668 4283 sed
716 4240 859 4283 cum
905 4220 998 4283 his
1047 4222 1445 4286 consociatur
1491 4222 1937 4285 substantivis:
1987 4219 2088 4284 III
2135 4223 2192 4298 3,
2221 4224 2259 4283 4
2305 4224 2565 4284 mortem

307 4324 616 4388 matribus
659 4323 1045 4407 illatamss
1080 4324 1177 4388 IV
1233 4329 1339 4408 11,
1389 4330 1426 4390 3
1485 4326 1564 4391 lis
1625 4326 2005 4408 infertur
2052 4374 2067 4390 .
2104 4376 2119 4389 .
2156 4376 2171 4389 .
2219 4325 2386 4389 litem
2444 4324 2567 4387 in-

302 4428 616 4511 ferunt.

517 4535 614 4605 10.
705 4532 902 4597 Verbi
950 4534 1263 4607 ostendere
1307 4554 1458 4607 usus
1488 4533 1655 4606 intra
1698 4534 2003 4606 librorum
2052 4532 2156 4605 III
2190 4538 2253 4603 et
2277 4531 2376 4604 IV
2408 4531 2567 4604 fines
