3150 5259
629 460 712 523 28
1685 455 1823 539 [78]

626 649 734 713 III
779 651 893 727 26,
939 650 976 711 8
1037 668 1194 732 quae
1251 648 1553 712 sententia
1614 668 1815 711 sane
1873 646 2199 731 beniqnior
2254 655 2343 712 est
2374 646 2397 730 ΙΙ
2428 647 2528 712 IV
2574 651 2633 731 6,
2682 653 2720 713 4
2774 652 2894 715 sed

625 753 776 838 quia
818 771 1012 815 sane
1057 750 1290 814 durum
1332 756 1468 813 erat
1499 748 1524 829 ΙΙ
1559 750 1613 825 7,
1648 756 1727 815 5⁸
1766 750 1872 813 sed
1908 771 2103 814 sane
2146 749 2291 814 huie
2322 752 2501 815 modo
2544 752 2890 817 tributoria

627 855 870 939 expedit
911 873 1117 938 aqere.
1210 851 1434 916 Cetera
1497 854 1792 936 exempla
1852 854 2012 917 haec
2059 863 2235 918 sunt:
2309 853 2411 917 III
2462 858 2516 931 1,
2565 859 2640 936 93
2704 859 2762 939 2,
2815 860 2891 935 33

632 962 730 1036 14,
777 959 847 1037 2,
894 958 997 1035 23,
1041 958 1120 1019 3·
1167 954 1358 1037 (δίει),
1420 958 1524 1038 25,
1573 958 1651 1035 23
1710 958 1813 1037 27,
1869 960 1937 1037 ¹3
1995 956 2093 1020 IV
2142 958 2199 1035 6,
2247 959 2319 1039 23
2380 961 2440 1038 6,
2486 960 2605 1040 33;
2670 963 2764 1039 14,
2814 962 2891 1043 4;

632 1066 734 1144 17,
781 1064 838 1124 6.

839 1166 933 1227 14.
1021 1162 1248 1227 Restat
1307 1169 1377 1225 ut
1441 1161 1706 1240 addam,
1765 1160 1920 1246 quid
1978 1162 2043 1224 in
2091 1168 2362 1248 utraque
2407 1164 2889 1231 Institutionum

627 1274 808 1356 parte
869 1266 1219 1330 adhibitum
1280 1265 1363 1329 sit
1424 1265 1501 1328 ad
1563 1264 1720 1328 illud
1790 1263 2304 1350 exprimendum,
2368 1268 2536 1351 quod
2584 1270 2648 1332 in
2690 1289 2894 1333 aurea

624 1373 939 1437 latinitate
985 1370 1078 1434 ‘ne
1123 1416 1136 1430 .
1169 1414 1184 1429 .
1215 1420 1229 1434 .
1278 1365 1550 1454 quidem’
1594 1368 1919 1452 particulis
1965 1368 2301 1433 indicatur.

802 1473 870 1559 1)
947 1472 1294 1557 Antiquam
1353 1471 1507 1536 illud
1569 1493 1644 1536 ne
1688 1520 1749 1534 ..
1786 1522 1799 1537 .
1847 1472 2093 1557 quidem
2136 1492 2263 1535 non
2325 1474 2468 1556 plus
2528 1477 2724 1539 semel
2784 1475 2891 1559 (II

939 1580 1038 1660 16,
1071 1576 1141 1661 5)
1187 1583 1514 1642 servatum
1547 1584 1671 1640 est:
1716 1579 1776 1639 si
1795 1579 2015 1660 patris
2044 1582 2475 1641 testamentum
2503 1599 2632 1643 non
2658 1582 2891 1664 valeat,

933 1702 1022 1746 ne
1062 1683 1182 1759 filii
1225 1681 1540 1766 quidem
1583 1680 1823 1745 valebit.

797 1786 868 1870 2)
934 1807 1009 1849 ne
1053 1784 1299 1869 quidem
1343 1784 1575 1867 legitur
1623 1790 1685 1846 et
1722 1780 1817 1843 111
1865 1785 1923 1860 3,
1954 1805 2046 1868 pr.
2094 1783 2248 1847 adeo
2294 1784 2647 1867 expellebat,
2694 1792 2765 1848 ut
2794 1808 2891 1850 ne

933 1889 1252 1975 quidem
1309 1890 1474 1952 inter
1530 1894 1797 1951 matrem
1855 1893 1909 1951 et
1934 1887 2153 1970 filium
2201 1938 2215 1951 .
2250 1936 2265 1951 .
2298 1936 2312 1950 .
2358 1886 2720 1952 hereditatis
2784 1910 2891 1953 ea-

925 1993 1197 2077 piendae
1251 1994 1354 2055 ius
1413 1991 1594 2055 daret
1658 1990 1793 2071 (cfr.
1854 1990 1973 2055 Gai
2033 1991 2177 2056 inst.
2224 1990 2329 2055 III
2398 1995 2477 2055 93
2522 1999 2593 2055 ut
2633 2014 2710 2055 ne
2754 1996 2893 2077 qui-

936 2098 1072 2161 dem
1117 2098 1184 2159 in
1229 2093 1536 2157 Graecum
1583 2114 1921 2157 sermonem
1984 2143 1998 2158 .
2034 2143 2046 2155 .
2084 2144 2097 2158 .
2145 2095 2495 2178 transferri
2542 2098 2773 2177 possit)
2822 2104 2895 2161 et

935 2199 965 2263 1
1014 2201 1130 2281 16,
1178 2202 1215 2262 6
1263 2249 1276 2263 .
1311 2249 1324 2263 .
1361 2249 1374 2263 .
1436 2200 1539 2261 ius
1601 2218 1834 2282 quoque
1881 2199 2272 2282 eoquatiOnis
2322 2200 2490 2281 perit
2538 2248 2551 2262 .
2588 2248 2601 2263 .
2635 2248 2649 2262 .
2696 2206 2752 2262 et
2794 2222 2893 2264 ne

931 2304 1276 2389 quidem,
1321 2302 1378 2364 si
1420 2302 1845 2365 manumissus
1872 2301 2107 2384 fuerit,
2166 2302 2383 2384 recipit
2442 2304 2891 2386 aequationem.

937 2408 1103 2472 Sane
1149 2407 1344 2489 igitur
1392 2406 1614 2468 mirum
1664 2411 1781 2486 est,
1828 2403 1998 2488 quod
2044 2404 2077 2467 Ι
2128 2406 2222 2477 11,
2268 2406 2346 2467 10
2390 2401 2706 2488 (feminae
2736 2428 2889 2492 quo-

936 2532 1050 2595 que
1082 2510 1390 2592 adoptare
1433 2529 1556 2571 non
1600 2514 1883 2591 possunt,
1928 2510 2079 2591 quia
2122 2528 2259 2572 nec
2306 2511 2632 2573 naturales
2661 2510 2889 2575 liberos

936 2616 1005 2678 in
1044 2619 1348 2697 potestate
1405 2634 1524 2676 sua
1584 2611 1848 2693 habent)
1910 2611 1961 2674 is
2007 2611 2113 2697 qui
2167 2612 2396 2675 librum
2451 2613 2484 2676 Ι
2532 2614 2894 2697 composuit

933 2738 1042 2781 nec
1105 2716 1353 2799 scripsit
1410 2736 1526 2798 pro
1588 2714 1830 2777 Gaiano
1878 2734 1953 2777 ne
1996 2714 2243 2798 quidem
2289 2711 2443 2797 (Gai
2489 2715 2522 2778 I
2576 2718 2694 2780 104
2741 2720 2893 2802 quia

937 2843 1022 2885 ne
1067 2821 1377 2907 quidem
1421 2821 1748 2884 naturales
1793 2818 2014 2883 liberos
2058 2820 2125 2881 in
2165 2824 2467 2901 potestate
2509 2818 2781 2901 habent).

799 2929 870 3005 3)
939 2948 1048 2991 nec
1094 2978 1108 2992 .
1142 2976 1157 2991 .
1191 2977 1204 2989 .
1251 2926 1496 3011 quidem
1539 2954 1623 2977 =
1668 2925 1761 2989 ‘ne
1809 2972 1822 2987 .
1858 2975 1872 2990 .
1908 2975 1918 2988 .
1966 2920 2307 3008 quidem'¹:
2353 2923 2458 2986 III
2503 2927 2564 3007 5,
2592 2928 2630 2987 4
2675 2926 2891 2989 eadem

935 3032 1183 3095 ratione
1241 3051 1382 3094 nee
1439 3031 1604 3093 inter
1660 3049 1721 3093 se
1782 3028 2100 3113 quidem
2154 3034 2421 3110 possunt
2483 3028 2683 3091 vider-i
2746 3050 2893 3093 con-

931 3136 1272 3219 sanguinei
1314 3150 1462 3215 esse,
1509 3132 1617 3197 cfr.
1664 3136 1723 3214 6,
1780 3138 1888 3214 11,
1943 3132 2040 3212 19,
2092 3133 2187 3194 10.
2280 3130 2311 3194 Ι
2359 3133 2459 3210 25,
2509 3134 2575 3194 7:
2631 3140 2895 3217 propter

935 3238 1263 3302 adversam
1308 3238 1743 3317 valetudinem,
1780 3243 2045 3319 propter
2090 3256 2277 3319 quam
2332 3256 2469 3299 nee
2526 3237 2655 3298 suis
2712 3238 2843 3319 qui
2862 3272 2889 3283 -

936 3343 1094 3405 <lem
1139 3342 1402 3425 neqotiis
1445 3342 1733 3404 interesse
1769 3346 2004 3423 potest3
2063 3339 2187 3403 alia
2234 3338 2528 3422 exempla
2577 3339 2773 3403 habes
2820 3340 2891 3403 II

936 3448 1038 3526 20,
1085 3444 1200 3527 253
1246 3447 1352 3528 20,
1400 3447 1479 3507 36
1527 3443 1669 3519 (cfr.
1716 3443 1836 3506 Gai
1878 3443 2025 3508 inst.
2073 3440 2144 3505 II
2189 3443 2333 3520 236,
2381 3439 2559 3524 288).

799 3552 868 3633 4)
933 3558 989 3615 et
1032 3571 1105 3615 ne
1154 3603 1163 3614 .
1203 3597 1216 3612 .
1249 3597 1263 3612 .
1309 3548 1555 3633 quidem
1584 3548 1815 3631 legitur
1846 3547 1914 3610 II
1945 3550 2005 3628 4,
2037 3549 2111 3609 3:
2159 3551 2397 3610 constat
2444 3594 2458 3609 .
2494 3594 2509 3609 .
2543 3597 2556 3610 .
2605 3548 2894 3630 extinyui

934 3675 1118 3719 usum
1146 3653 1445 3737 fructum
1503 3658 1571 3715 et
1630 3671 1719 3714 ne
1776 3671 1967 3714 areae
2016 3649 2325 3735 quidem
2380 3669 2561 3713 usum
2597 3649 2892 3732 fructum

935 3758 1156 3821 deberi.
1247 3755 1487 3819 Contra
1532 3776 1609 3819 ac
1652 3775 1728 3817 ne
1776 3804 1789 3818 .
1826 3805 1839 3819 .
1878 3804 1891 3818 .
1937 3753 2220 3838 quidem:
2274 3752 2381 3816 ΙΙΙ
2427 3756 2527 3827 15,
2575 3755 2614 3816 2
2657 3776 2744 3817 ae
2801 3774 2897 3817 ne

935 3882 1000 3926 eo
1045 3860 1357 3947 quidem
1408 3861 1543 3941 ipso
1606 3858 1705 3921 die
1755 3859 1889 3940 peti
1926 3863 2126 3940 potest
2157 3854 2180 3938 ΙΙ
2215 3855 2309 3919 IV
2360 3860 2419 3937 3,
2470 3858 2507 3917 3
2570 3878 2660 3920 ae
2704 3878 2793 3920 ne
2834 3858 2893 3919 is

935 3965 1246 4051 quidem
1288 3962 1408 4025 hac
1453 3962 1583 4045 leye
1613 3967 1852 4024 tenetur
1882 3961 2025 4037 (cfr.
2068 3958 2183 4021 Gai
2230 3958 2375 4023 inst.
2411 3958 2445 4021 Ι
2494 3960 2613 4022 140
2646 3958 2713 4022 II
2749 3960 2894 4040 106,

936 4069 1061 4131 242
1108 4067 1213 4131 ΙΙΙ
1262 4069 1436 4145 119²,
1488 4066 1610 4128 139
1659 4062 1759 4127 IV
1802 4063 1977 4145 172).

837 4248 853 4281 ¹
889 4245 976 4297 111
1017 4248 1059 4302 1,
1105 4242 1163 4293 13
1199 4246 1252 4294 si
1297 4256 1462 4307 neque
1511 4242 1601 4291 sui
1643 4238 1867 4289 heredes
1914 4237 2076 4290 liberi
2110 4252 2275 4303 neque
2326 4238 2648 4302 emancipati
2686 4235 2895 4288 obstent

626 4348 840 4399 neque
876 4331 1147 4395 adynatus
1183 4327 1456 4395 quidem
1491 4324 1638 4376 ullus
1678 4325 2005 4376 interveniat
2030 4320 2162 4389 quid
2189 4337 2354 4389 neque
2392 4360 2403 4371 .
2430 4359 2443 4372 .
2485 4322 2696 4387 quidem
2720 4321 2895 4387 signi-

625 4419 763 4482 ficet,
802 4418 959 4468 docet
996 4414 1279 4479 Theophili
1330 4412 1422 4479 qui
1475 4409 1675 4462 dicitur
1713 4408 2091 4476 paraphrasis:
2143 4406 2285 4474 ἡνίκα
2316 4406 2387 4474 μή
2437 4404 2704 4474 κατέλειψα
2756 4405 2891 4474 μήτε

624 4504 795 4563 σοὺους
832 4503 1159 4572 κληρονόμους
1191 4497 1322 4566 μήτε
1358 4496 1739 4566 ἕμαγκιπᾰτους,
1772 4494 1901 4560 μηδ
1913 4499 1935 4545 *c
1968 4492 2092 4559 μήν
2131 4494 2318 4575 ἔπεστί
2344 4498 2441 4561 μοί
2473 4516 2541 4553 τις
2576 4491 2811 4552 &sedwa
