3150 5259
1337 503 1474 589 [77]
2447 512 2523 574 27

456 721 642 778 μενον
709 694 929 776 αὐτόν)
963 696 986 778 ΙΙ
1031 700 1103 776 9,
1175 698 1214 759 4
1284 696 1588 761 bonorum
1655 700 2073 781 possessiones
2148 699 2522 765 admisimus

458 808 730 885 utpote
790 802 1178 865 necessarias
1237 802 1741 865 constitutas
1787 800 2103 887 (Theoph.
2153 798 2272 865 οἷα
2334 800 2518 881 οὔσας

461 904 842 987 α’ναγκαίας),

258 1010 505 1074 semel
552 1010 881 1093 participio
933 1030 1074 1071 cum
1119 1008 1398 1074 ablativo
1447 1010 1742 1075 absoluto
1790 1011 2077 1073 iunctum
2563 1100 2573 1102 ⁴

459 1112 563 1176 III
610 1114 679 1192 2,
731 1116 763 1175 7
829 1133 904 1175 eze
965 1119 1379 1196 coqnatorum
1437 1113 1657 1176 ordine
1718 1133 1817 1177 eos
1878 1114 2179 1178 vocabant
2237 1121 2518 1197 utpote

463 1216 874 1301 adqnationis
917 1218 1100 1280 iure
1145 1219 1232 1281 eis
1275 1217 1603 1302 recluso,
1633 1217 1951 1301 (Theoph.
1985 1216 2103 1282 διὰ
2152 1218 2219 1282 τό
2252 1218 2522 1303 ἀσθενῆ-

457 1346 554 1384 σαι
601 1317 676 1383 τοὶ
721 1317 1010 1383 adrat-moi
1057 1320 1281 1403 δίκαια)

254 1426 319 1488 in
353 1425 486 1489 sola
515 1425 874 1508 posteriore
904 1424 1380 1489 Institutionum
1412 1432 1595 1506 parte
1627 1426 1879 1509 legitur.
1932 1426 2009 1489 In
2038 1426 2247 1511 priore
2278 1436 2512 1507 autem,

254 1528 480 1613 quibus
527 1529 681 1591 locis
729 1529 931 1592 simile
978 1528 1128 1611 quid
1174 1529 1717 1613 pronuntiandum
1770 1536 1883 1607 est,
1930 1550 2043 1615 pro
2085 1538 2373 1595 coartata
2406 1533 2511 1596 illa

251 1631 554 1715 loquendi
598 1634 846 1697 ratione
895 1632 1294 1708 enuntiatum
1351 1631 1791 1696 secundarium
1839 1635 2089 1697 causale
2135 1656 2277 1699 cum
2324 1638 2517 1700 verbo

253 1736 434 1799 finito
485 1756 564 1797 ex
614 1735 1164 1799 coniunctionibus
1210 1737 1359 1821 quia
1405 1737 1507 1799 vel
1557 1756 1698 1799 cum
1745 1737 2009 1817 (scilicet
2053 1738 2364 1821 particula
2407 1740 2519 1804 ad-

253 1838 416 1920 dita)
465 1860 772 1923 suspenso
818 1840 1110 1923 ponitur:

381 1968 414 2031 I
452 1971 547 2048 10,
573 1972 610 2032 3
644 1971 777 2033 eius
807 1990 946 2033 vero
977 1972 1279 2053 mulieriS,

249 2093 440 2157 quam
482 2079 668 2154 pater
727 2080 873 2137 tuus
935 2074 1278 2157 adoptavit,

230 2176 451 2259 filiam
507 2196 632 2239 non
689 2177 924 2241 videris
976 2178 1281 2261 impediri

247 2300 512 2343 umorem
558 2280 812 2361 ducere,
857 2282 990 2365 qui
1005 2302 1046 2343 a
1091 2302 1279 2366 neque

247 2383 538 2447 naturali
579 2404 769 2467 neque
801 2385 966 2447 civili
996 2385 1134 2447 iure
1169 2386 1280 2449 tibi

251 2487 808 2571 coniunyitur.

375 2814 445 2877 II
499 2816 572 2898 8,
622 2816 660 2877 2
724 2816 836 2879 sed
899 2837 974 2880 em
1035 2816 1275 2880 diverso

239 2920 477 3002 pupilli
549 2919 639 2981 vel
700 2921 984 3002 pupillae
1043 2923 1273 2985 solvere

245 3025 379 3085 sine
424 3028 627 3085 tutore
673 3028 924 3086 auctore
968 3044 1091 3087 non
1131 3045 1276 3107 pos-

247 3133 416 3207 sunt,
479 3128 629 3210 quia
675 3128 741 3189 id
787 3128 952 3211 quod
1013 3129 1276 3212 solvunt,

245 3250 368 3293 non
382 3230 470 3312 fit
499 3232 884 3313 accipientiS,
923 3254 1088 3295 cum
1115 3253 1146 3296 3
1169 3235 1276 3303 oi-

1619 1970 1725 2033 III
1774 1973 1827 2047 1,
1881 1974 1958 2035 14
2017 1992 2143 2035 non
2186 1976 2521 2038 necessitas

1483 2077 1663 2156 patri
1709 2075 1998 2158 adoptivo
2046 2078 2390 2160 imponitur
2433 2080 2523 2142 vel

1488 2177 1767 2241 heredem
1835 2200 1972 2243 eum
2038 2182 2365 2245 instituere
2428 2183 2521 2245 vel

1487 2282 1923 2346 exheredatum
1950 2285 2181 2368 facere
2224 2308 2267 2349 u
2283 2293 2307 2349 t
2318 2305 2367 2367 p
2387 2292 2462 2348 ot
2484 2306 2514 2349 e

1485 2388 1659 2450 nullo
1684 2386 1980 2450 naturali
1999 2390 2243 2453 vinculo
2280 2410 2310 2451 c
2328 2409 2419 2473 op
2436 2409 2477 2450 u
2494 2425 2519 2435 -

1487 2490 1663 2553 latu
1681 2512 1739 2553 m
1820 2489 1885 2571 (i.
1961 2513 2017 2556 e.
2109 2493 2256 2577 quia
2346 2492 2517 2557 nullo

1485 2594 1757 2659 naturali
1850 2595 1949 2657 vin
1961 2596 2103 2659 culo
2195 2595 2249 2658 ei
2326 2616 2514 2680 copu-

1483 2697 1705 2778 latur.)

1616 2818 1718 2883 III
1766 2821 1825 2901 2,
1876 2822 1910 2883 7
1972 2840 2046 2883 ex
2105 2826 2513 2903 coynatorum

1485 2922 1705 2985 ordine
1749 2943 1849 2986 eos
1891 2922 2194 2986 vocabant
2234 2931 2515 3008 utpote

1484 3022 1893 3108 adqnationis
1930 3028 2067 3090 iure
2101 3030 2187 3091 eis
2219 3030 2513 3092 recluso

1486 3130 1557 3206 (i.
1586 3150 1639 3194 e.
1676 3151 1815 3192 cum
1840 3131 2081 3193 scilicet
2106 3130 2507 3213 adgnationis

1484 3233 1581 3296 ius
1630 3233 1719 3296 eis
1765 3234 2083 3298 reclusum
2128 3235 2276 3307 est.)

245 3332 484 3396 licetl
545 3333 782 3399 nullius
833 3337 928 3398 rei
975 3339 1274 3401 alienatio

245 3439 332 3499 eis
399 3437 531 3499 sine
597 3437 826 3499 tutoris
898 3440 1276 3502 auctoritate

249 3560 636 3604 concessa
680 3545 814 3603 est.

454 3672 552 3733 13.
645 3669 696 3732 S
714 3690 810 3732 an
835 3691 865 3733 e
909 3670 975 3750 (i.
1011 3692 1062 3735 e.
1115 3668 1424 3755 ‘profecto'
1470 3673 1575 3737 vel
1607 3671 1917 3757 ‘quidem')
1951 3677 2031 3738 ab
2062 3675 2235 3740 libris
2268 3676 2301 3739 I
2334 3683 2399 3740 et
2421 3631 2512 3742 'II

240 3792 501 3857 prorsus
547 3774 863 3837 alienum²
908 3776 1245 3859 posteriori
1275 3775 1576 3839 librorum
1616 3780 2022 3862 compositori
2057 3781 2213 3843 adeo
2249 3781 2508 3864 placuit,

243 3883 314 3939 ut
378 3882 601 3958 quater
665 3876 874 3940 decies
921 3880 985 3940 in
1031 3878 1204 3942 libris
1250 3879 1354 3943 ΙΙΙ
1402 3887 1465 3944 et
1513 3880 1611 3945 IV
1658 3882 2216 3966 deprehendatur,
2277 3884 2506 3947 veluti:

454 4036 474 4067 1
525 4033 846 4085 Coniunctio
913 4050 1030 4086 eum
1085 4035 1358 4101 particula
1413 4037 1611 4090 scilicet
1676 4046 1864 4103 aucta,
1928 4044 1985 4089 ut
2038 4040 2175 4091 idem
2232 4040 2507 4106 significet

240 4122 385 4187 quod
447 4120 591 4185 apud
654 4121 789 4171 alios
851 4120 1142 4185 scriptores
1196 4130 1374 4188 utpote
1436 4140 1550 4175 cum
1615 4126 1739 4182 (cfr.
1780 4126 1903 4191 Dig.
1943 4126 1969 4177 Ι
2010 4127 2066 4190 1,
2104 4128 2165 4191 4;
2202 4129 2253 4190 4,
2296 4130 2338 4183 1.
2380 4126 2507 4193 pn),

239 4213 459 4272 praeter
497 4207 644 4257 illum
683 4223 846 4257 unum
886 4208 1066 4258 locum
1104 4209 1158 4259 in
1200 4214 1462 4276 quattuor
1488 4210 1904 4263 Institutionum
1943 4213 2100 4264 libris
2137 4230 2241 4265 non
2283 4214 2507 4279 legitur.

443 4294 464 4328 ²
499 4291 645 4345 Inud
684 4309 845 4344 unum
897 4310 1058 4353 sane,
1110 4294 1256 4362 quod
1305 4298 1508 4361 legitur
1545 4298 1572 4349 I
1616 4296 1691 4363 10,
1732 4297 1783 4363 2,
1840 4314 1957 4350 cum
2001 4304 2116 4351 tota
2156 4300 2505 4366 paragrapho

238 4395 302 4430 ex
353 4379 454 4431 Gai
505 4381 630 4431 inst.
670 4380 761 4431 lib.
801 4381 829 4431 I
863 4380 925 4433 61
968 4382 1237 4448 originem
1289 4383 1460 4435 duxit.
1537 4384 1849 4437 Particulae
1906 4401 2039 4438 sane
2098 4385 2314 4453 quidem
2376 4402 2503 4437 usus

239 4465 379 4517 Gaio
417 4465 671 4533 frequens
710 4470 820 4518 est:
859 4468 885 4519 Ι
921 4467 1004 4533 61,
1043 4468 1158 4531 179,
1201 4468 1298 4523 192
1336 4470 1392 4523 II
1427 4469 1511 4535 60,
1554 4468 1665 4531 103,
1710 4470 1823 4537 104,
1867 4472 1982 4538 123,
2023 4472 2261 4536 146,177
2304 4473 2395 4525 III
2420 4473 2505 4539 98,

243 4550 356 4617 183,
397 4552 511 4615 194,
554 4552 667 4615 197,
706 4552 808 4607 212
844 4554 920 4605 lv
959 4553 1043 4619 31,
1081 4556 1215 4621 74⁸,
1259 4555 1370 4621 131,
1413 4555 1526 4609 134.
