3150 5259
609 511 692 573 34
1698 505 1835 591 [84]

607 708 728 781 est,
775 722 860 765 ne
901 701 1066 765 alias
1109 699 1356 764 tabulae
1403 750 1417 764 .
1467 748 1482 763 .
1533 750 1546 764 .
1613 700 1839 763 irritae
1889 698 2157 779 fiant,
2203 700 2331 763 nisi
2374 748 2388 762 .
2436 748 2451 763 .
2505 698 2581 781 ,Η
2612 700 2729 781 22,
2773 720 2865 785 pr.

595 808 936 870 'novissime
980 806 1116 869 lata
1177 811 1263 867 est
1326 803 1424 867 lex
1469 802 1795 884 Falcidia,
1842 824 1967 887 qua
2015 810 2291 885 cauetur,
2338 824 2426 867 ne
2460 804 2614 887 plus
2658 804 2869 889 leyare

611 911 870 974 liceat.
927 909 1106 973 Idem
1136 908 1199 971 in
1233 908 1583 992 posteriore
1620 907 2099 972 Institutionum
2145 912 2323 991 parte
2355 907 2477 971 hoo
2520 906 2709 971 modo
2758 929 2869 971 ex-

611 1013 928 1097 primitur:
993 1010 1079 1076 III
1145 1013 1204 1093 2,
1271 1010 1305 1069 7
1371 1010 1479 1085 secl
1545 1060 1609 1073 ..
1645 1060 1658 1074 .
1702 1016 1923 1073 nostra
1988 1012 2415 1075 constitutione
2468 1012 2867 1092 sanximus,

607 1117 1048 1180 successionem
1093 1163 1108 1177 .
1145 1164 1158 1177 .
1195 1164 1208 1178 .
1255 1133 1399 1177 non
1459 1126 1582 1176 esse
1643 1115 1728 1177 eis
1793 1113 2225 1196 eleneqandam
2256 1112 2281 1195 Η
2314 1113 2409 1178 IV
2458 1118 2514 1195 2,
2568 1118 2595 1175 l
2650 1117 2865 1179 melius

611 1219 917 1283 divalibus
965 1215 1500 1281 constitutionibus
1540 1236 1661 1299 pro
1704 1216 1824 1279 hac
1864 1222 2051 1299 parte
2085 1224 2575 1300 prospectum
2620 1223 2743 1299 est,
2789 1224 2869 1281 ut

609 1324 887 1386 nemini
929 1324 1163 1385 liceat
1207 1322 1269 1384 vi
1312 1321 1594 1404 rapere-ss
1628 1319 1723 1384 IV
1772 1323 1829 1402 7,
1879 1323 1912 1384 7
1960 1320 2124 1383 illud
2165 1322 2425 1402 proprie
2464 1328 2757 1385 servatur
2798 1323 2867 1385 in

610 1447 818 1490 eorum
875 1444 1168 1511 persona,
1229 1425 1392 1509 quod
1447 1424 2049 1488 senatusconsultum
2106 1423 2642 1488 Macedonianum
2688 1444 2868 1508 pro-

609 1517 850 1593 hibuit
912 1535 1162 1593 mutuas
1215 1530 1520 1611 pecunias
1583 1528 1734 1592 dari
1796 1530 1881 1591 eis
1941 1530 2049 1612 qui
2089 1530 2157 1591 in
2194 1530 2482 1611 parentis
2540 1534 2724 1592 erunt
2764 1549 2871 1612 po-

612 1640 825 1698 testate
869 1631 940 1715 (i.
988 1654 1042 1697 e.
1092 1632 1262 1717 quod
1323 1633 1874 1696 senatusconsulto
1924 1632 2385 1696 Macedoniano
2445 1639 2699 1696 cautum
2758 1639 2873 1715 est,

613 1759 695 1801 ne
741 1744 999 1800 mutuae
1045 1736 1350 1819 pecuniae
1401 1735 1630 1800 dentur
1674 1736 1762 1799 eis
1811 1735 1977 1816 ete).

815 1841 876 1905 b.
909 1839 1012 1904 Ex
1043 1842 1240 1903 verbo
1275 1841 1642 1903 constituere
1680 1860 2025 1923 suspensus
2057 1846 2150 1903 est
2180 1842 2579 1905 aecusativus
2610 1862 2754 1905 cum
2780 1840 2872 1905 in-

615 1944 886 2007 finitivo:
932 1942 990 2008 II
1038 1946 1100 2027 6,
1151 1946 1226 2007 12
1291 1944 1490 2028 quod
1551 1943 1963 2007 observari
2024 1952 2241 2009 nostra
2297 1947 2649 2009 constitutio
2694 1965 2874 2009 con-

615 2049 879 2112 stituit
910 2048 934 2128 ΙΙ
968 2050 1070 2129 20,
1118 2049 1199 2111 36
1256 2067 1442 2132 quae
1486 2049 2023 2131 relinquuntur
2069 2096 2084 2110 .
2118 2098 2131 2112 .
2168 2100 2182 2114 .
2228 2048 2427 2112 nihil
2489 2049 2781 2113 distare
2832 2068 2875 2110 a

617 2153 829 2215 ceteris
891 2153 1113 2235 leqatis
1177 2153 1702 2215 constituimus
1732 2152 1755 2231 ΙΙ
1788 2150 1876 2215 III
1940 2152 2042 2234 23,
2088 2172 2178 2236 pr.
2237 2152 2665 2236 perfectam
2731 2164 2877 2215 esse

617 2256 1065 2338 emptionem
1145 2256 1693 2337 constituimus;
1760 2261 1981 2319 eontra
2046 2264 2131 2319 ut
2200 2257 2263 2319 in
2337 2257 2490 2320 solis
2557 2257 2873 2341 prioribus

616 2357 825 2422 libris:
872 2357 900 2422 l
947 2360 1006 2437 6,
1053 2363 1090 2421 2
1137 2366 1352 2423 nostra
1406 2359 1763 2422 constitutio
1811 2360 2279 2441 constituit,
2322 2366 2412 2422 ut
2457 2406 2471 2421 .
2507 2409 2521 2423 .
2556 2408 2570 2423 .
2618 2361 2874 2424 libertas

618 2462 673 2524 ei
718 2469 1056 2546 competere
1098 2464 1409 2543 videatur,
1455 2462 1566 2525 cfr.
1616 2460 1672 2526 II
1721 2464 1780 2544 6,
1826 2483 1951 2546 pr.;
2003 2466 2058 2543 7,
2107 2464 2180 2544 13
2228 2466 2284 2543 7,
2334 2464 2405 2544 33
2462 2465 2557 2547 10,
2604 2467 2663 2527 3.

826 2587 878 2631 c.
929 2566 1265 2649 Gontinqit,
1301 2563 1472 2649 quod
1505 2565 1847 2629 identidem
1885 2566 2491 2629 in‘Institutionibus
2524 2566 2759 2650 legitur
2788 2563 2878 2648 (II

624 2672 680 2748 7,
731 2672 798 2748 13
847 2667 934 2732 III
984 2671 1081 2749 15,
1127 2674 1202 2750 43
1273 2672 1369 2747 19,
1417 2671 1486 2747 43
1551 2671 1655 2749 29,
1702 2690 1832 2752 pr.;
1879 2668 1973 2733 IV
2021 2673 2081 2751 3,
2131 2667 2263 2751 16),
2327 2690 2469 2732 eum
2516 2670 2876 2735 accusativo

622 2794 676 2837 c.
722 2771 830 2837 inf.
894 2774 1296 2855 coniungitur
1356 2770 1413 2835 ΙΙ
1470 2774 1579 2851 19,
1640 2775 1677 2836 6
1736 2774 1806 2834 in
1863 2779 2110 2837 tantum
2172 2775 2386 2855 teneri,
2447 2775 2516 2837 in
2574 2780 2876 2858 quantum

621 2876 895 2940 valere
937 2876 1139 2940 bona
1181 2876 1547 2939 hereditatis
1595 2878 2037 2960 continqit3
2087 2883 2306 2940 eontra
2351 2898 2490 2941 cum
2538 2884 2623 2941 ut
2654 2875 2742 2942 III
2776 2878 2877 2957 29,

625 2981 698 3043 2:
743 2980 1090 3063 stipulatio,
1130 3000 1246 3061 per
1289 2999 1478 3063 quam
1526 2981 1973 3063 continqit‚
2019 2987 2103 3044 ut
2150 3031 2163 3046 .
2202 3030 2215 3045 .
2248 3029 2263 3045 .

1664 3196 1699 3277 s
1748 3198 1846 3260 11.

827 3356 1293 3441 Nonnunquam
1339 3356 1562 3421 eadem
1612 3359 1783 3423 notio
1829 3359 1893 3422 in
1939 3360 2135 3425 altera
2179 3366 2360 3444 parte
2407 3359 2879 3425 Institutionum

628 3459 837 3525 verbis
884 3460 1288 3544 simplicibuS,
1332 3460 1392 3523 in
1441 3462 1644 3525 altera
1686 3463 1896 3525 verbis
1938 3464 2305 3547 compositis
2352 3464 2774 3547 significatur:

834 3568 886 3626 1.
977 3585 1224 3648 auqere.
1315 3563 1583 3649 Legitur
1615 3564 1641 3629 I
1674 3568 1734 3646 5,
1769 3569 1805 3629 3
1850 3573 2072 3631 nostra
2092 3568 2301 3650 pietas
2332 3569 2540 3631 omnia
2587 3589 2682 3631 au
2698 3588 2881 3652 yere

627 3667 1014 3751 desiderans,
1059 3668 1168 3731 cfr.
1216 3666 1272 3731 ΙΙ
1321 3669 1378 3749 7,
1428 3670 1465 3730 3
1481 3691 1499 3750 3
1547 3671 1663 3751 20,
1713 3672 1813 3734 20.
1902 3670 1977 3734 In
2024 3668 2113 3735 111
2165 3674 2220 3753 7,
2268 3674 2306 3734 2
2370 3678 2604 3752 autem,
2669 3692 2880 3755 quam-

628 3791 814 3855 quam
877 3771 1045 3855 apud
1113 3770 1339 3833 Gaium
1404 3771 1577 3852 (inst.
1626 3770 1714 3835 III
1762 3770 1874 3855 42)
1938 3780 2130 3837 aucta
2190 3781 2338 3837 sunt
2399 3774 2701 3838 traditum
2766 3782 2877 3857 est,

631 3876 1048 3958 compositum
1095 3873 1454 3959 adauqerel
1511 3876 1817 3959 praetulit
1862 3877 2130 3961 scriptor
2174 3877 2603 3962 Byzantinus:
2664 3885 2881 3962 postea

630 3980 756 4064 leye
802 3976 1012 4061 Papia
1059 3978 1418 4042 adaucta
1463 3985 1611 4042 sunt
1653 3980 1803 4043 iura
1838 3987 2283 4062 patronorum.

835 4084 894 4147 2.
944 4081 1021 4146 In
1052 4084 1210 4145 libro
1250 4082 1306 4147 II
1337 4083 1606 4167 legimus
1639 4082 1931 4166 (23,12):
1963 4083 2376 4148 substantiam
2414 4105 2587 4149 acce
2590 4090 2881 4169 perunt

634 4184 949 4270 (Theoph.
986 4182 1100 4267 τήν
1142 4182 1476 4250 ὑπόστασιν
1527 4183 1942 4267 ἐδέξαντο);
2008 4192 2227 4249 contra
2274 4184 2362 4250 ΠΙ
2424 4188 2540 4268 22,
2610 4192 2631 4249 1
2700 4207 2887 4271 neque

838 4447 855 4481 ¹
893 4443 1036 4495 Vide
1075 4460 1215 4512 quae
1271 4444 1615 4497 Woelfflinus
1670 4445 1738 4496 de
1796 4448 2011 4511 vulgari
2048 4461 2297 4499 sermone
2334 4448 2506 4499 latino
2546 4448 2797 4513 exposuit
2832 4448 2885 4498 in

636 4532 912 4599 Philologi
950 4530 1328 4597 Gottingensis
1369 4532 1471 4582 vol.
1512 4531 1756 4583 XXXIV
1796 4548 1921 4599 pag.
1963 4532 2075 4585 163.
