3150 5259
1349 481 1486 569 [93]
2438 493 2519 558 43

251 675 562 760 loquendi
622 676 922 741 derivatis
979 676 1412 741 demonstrare
1469 677 1641 743 licet.
1730 678 1833 743 Ex
1878 677 1975 743 his
2033 682 2339 765 exemplis
2385 683 2519 747 effi-

252 780 452 843 citur:

469 888 522 949 1.
614 885 974 950 consentire
1053 884 1390 947 dictionem
1459 884 1600 947 libri
1668 884 1764 947 lV
1832 885 1998 949 tituli
2066 886 2301 951 XVIII
2376 910 2520 953 cum

255 986 535 1052 dictione
584 988 886 1053 librorum
944 986 964 1049 1
1018 994 1080 1052 et
1125 987 1195 1051 II
1256 988 1364 1072 ita,
1433 995 1501 1051 ut
1566 987 1816 1053 differat
1872 1010 1909 1052 a
1952 989 2254 1069 librorum
2304 992 2410 1055 III
2457 1000 2521 1059 et

251 1092 362 1157 IV
411 1094 614 1159 1--17
665 1091 1142 1172 consuetudine,
1189 1091 1332 1156 csta:
1419 1168 1426 1175 ο

467 1194 534 1278 a)
583 1196 681 1260 IV
735 1200 833 1279 18,
882 1200 918 1260 3
975 1197 1072 1261 lex
1280 1196 1346 1259 in
1394 1215 1520 1260 eos
1578 1218 1762 1262 suum
1817 1199 2087 1282 viyorem
2150 1202 2521 1265 extendit

254 1300 528 1384 Legitur
592 1300 626 1363 I
685 1302 800 1382 22,
860 1321 948 1383 pr.
1016 1290 1449 1363 extendere
1509 1302 1582 1363 in
1640 1301 2043 1382 masculosss
2091 1306 2193 1386 24,
2259 1306 2297 1367 2
2359 1308 2521 1370 actio

258 1404 745 1468 extenditur
807 1406 869 1467 in
935 1404 1247 1481 herede33
1296 1404 1358 1466 in
1407 1401 1508 1466 III
1554 1406 1656 1484 27,
1706 1409 1740 1470 7
1788 1415 2004 1470 autem
2068 1410 2391 1473 extendi
2450 1411 2519 1473 in

255 1509 432 1572 omni
446 1509 590 1573 bus
633 1510 894 1592 leqatis
939 1515 995 1572 et
1020 1508 1584 1592 fideicommissis.

463 1612 528 1693 b)
578 1613 674 1676 IV
727 1614 822 1689 18,
870 1615 908 1675 8
954 1613 1062 1696 qui
1103 1614 1226 1675 vim
1291 1613 1759 1675 commiserint.
1866 1614 2133 1697 Legitur
2195 1614 2253 1681 II
2318 1620 2374 1696 1,
2444 1618 2518 1681 16

251 1720 514 1800 furtum
559 1719 1005 1797 committeret,
1063 1721 1280 1781 contra
1329 1713 1422 1780 IV
1477 1720 1526 1793 1,
1579 1718 1649 1779 11
1694 1717 1950 1799 furtum
2006 1720 2287 1784 admitti
2317 1718 2341 1803 ΙΙ
2372 1722 2432 1800 4,
2486 1724 2513 1785 1

260 1823 543 1887 admitti
583 1822 895 1885 iniuriam
940 1818 1081 1900 (cfr.
1130 1822 1188 1899 3,
1222 1822 1260 1881 4
1307 1820 1364 1883 si
1405 1820 1476 1883 id
1507 1840 1548 1883 a
1577 1820 1773 1883 milite
1818 1869 1832 1883 .
1868 1870 1881 1884 .
1916 1866 1929 1880 .
1973 1843 2018 1901 ‚a
2038 1822 2081 1885 d
2094 1824 2352 1889 missum
2384 1824 2521 1905 est).

257 1925 488 2012 Neque
532 1925 794 1990 fortuito
841 1925 904 1988 in
950 1924 1111 1988 libro
1173 1921 1269 1986 IV
1315 1923 1355 1987 l.
1401 1923 1442 1987 l.
1492 1924 1772 1987 admitti
1830 1928 2119 2010 usurpari
2173 1949 2255 1991 ex
2304 1948 2378 1991 eo
2426 1950 2521 1993 se-

264 2031 500 2115 quitur,
547 2035 618 2092 ut
663 2050 854 2112 supra
916 2025 1091 2111 (pag.
1141 2028 1220 2089 36
1271 2026 1452 2089 huius
1519 2028 2092 2107 commentationis)
2141 2030 2291 2110 dixi,
2356 2030 2519 2114 quod

261 2133 359 2198 IV
411 2138 465 2216 1,
520 2135 615 2212 11,
663 2152 789 2217 quo
835 2133 978 2194 loco
1027 2130 1223 2194 Gaius
1273 2126 1392 2208 (III
1451 2131 1603 2208 202)
1665 2130 1924 2194 dederat
1984 2134 2519 2213 committeretur,

262 2239 496 2322 legitur
539 2243 610 2302 ut
637 2237 904 2320 furtum
946 2234 1428 2299 admitteretur.

463 2339 528 2423 c)
572 2338 667 2405 IV
722 2342 814 2419 18,
862 2342 898 2401 8
947 2359 1021 2403 exc
1063 2358 1190 2421 qua
1233 2337 1383 2401 haec
1425 2339 1707 2420 apertius
1741 2337 2134 2421 possibile
2179 2347 2295 2404 est
2338 2343 2519 2406 scire.

262 2445 530 2529 Legitur
572 2442 631 2509 II
677 2446 790 2524 20,
840 2445 877 2507 2
945 2443 1122 2506 cuius
1187 2443 1643 2505 constitutionis
1694 2460 2074 2525 perpensum
2136 2443 2387 2507 modum
2449 2465 2522 2508 ex

261 2549 464 2633 ipsius
522 2556 728 2613 tenore
782 2546 1235 2630 perfectissime
1295 2547 1577 2629 accipere
1628 2544 2037 2628 possibile
2094 2553 2241 2629 est3
2303 2554 2521 2612 contra

261 2650 350 2716 III
396 2654 498 2732 29,
532 2654 608 2713 3·
652 2670 802 2735 quas
851 2651 1042 2714 licet
1086 2670 1161 2711 ex
1204 2649 1405 2731 ipsius
1449 2649 1701 2712 lectione
1747 2651 2031 2732 apertius
2076 2670 2436 2733 coquoscere
2466 2652 2489 2733 11

263 2753 357 2820 IV
407 2758 505 2837 14,
532 2759 570 2819 3
615 2776 774 2840 quas
819 2773 1024 2817 omues
1066 2753 1350 2835 apertius
1395 2771 1469 2814 ex
1512 2752 1739 2815 lat-iore
1769 2751 2175 2837 Diqestorum
2218 2756 2521 2819 volumine

264 2858 358 2935 fa
382 2860 539 2922 cite
582 2864 704 2921 est
752 2876 1132 2941 coynoscere.

467 2965 524 3025 2.
617 2961 975 3023 consentire
1058 2958 1399 3021 dictionem
1473 2957 1617 3020 libri
1691 2955 1784 3022 IV
1860 2958 2018 3022 tituli
2085 2958 2309 3025 XVIII
2378 2981 2521 3023 cum

265 3065 537 3129 dictione
580 3064 885 3127 librorum
930 3062 1053 3128 Iet
1079 3060 1156 3143 II,
1204 3062 1291 3126 ita
1336 3067 1566 3139 tamen,
1614 3073 1686 3125 ut
1718 3062 2039 3146 quomodo
2086 3063 2137 3127 is
2174 3065 2283 3148 qui
2328 3064 2521 3127 libros

266 3167 350 3233 III
382 3175 446 3232 et
476 3166 569 3232 IV
619 3168 970 3251 composuit
1015 3165 1287 3231 eandem
1333 3168 1711 3229 sententiam
1760 3167 2115 3250 exprimere
2160 3167 2383 3232 solitus
2421 3168 2521 3250 sit,

264 3271 686 3337 demonstrari
731 3291 849 3335 non
898 3270 1131 3353 possit:
1182 3268 1275 3333 IV
1326 3271 1421 3349 18,
1468 3271 1506 3332 2
1551 3270 1815 3349 iudicia,
1861 3291 2018 3353 quae
2062 3272 2279 3335 ultimo
2336 3290 2525 3353 sup-

261 3376 516 3458 plicio
565 3362 994 3451 adficiunt
1036 3372 1128 3435 vel
1174 3392 1370 3455 aquae
1411 3378 1465 3434 et
1493 3372 1665 3455 iynis
1708 3373 2141 3437 interdictione
2184 3374 2275 3437 vet
2305 3374 2522 3456 depor-

266 3480 498 3543 tatione
554 3479 644 3541 veZ
701 3477 974 3556 metall03
1024 3476 1132 3539 cfr.
1180 3473 1207 3540 I
1253 3479 1311 3556 6,
1365 3480 1430 3539 1:
1491 3496 1568 3538 ne
1612 3476 1949 3540 iniuria
1996 3477 2331 3559 defunctus
2385 3478 2525 3541 ad-

246 3582 655 3665 ficiatur.

268 3759 501 3824 videtur,
537 3765 597 3808 ut
635 3755 862 3819 deinde,
913 3758 1116 3805 semoto
1168 3754 1275 3803 iam
1326 3753 1393 3804 ab
1446 3768 1613 3820 opere
1649 3752 1984 3820 Theophilo,
2034 3754 2195 3805 etiam
2234 3754 2393 3805 initio
2431 3755 2524 3805 ille

265 3844 329 3895 de
363 3846 578 3896 iustitia
615 3850 662 3893 et
697 3846 817 3894 iure
855 3856 921 3891 ex
960 3840 1186 3905 Ulpiani
1225 3839 1658 3891 institutionibus
1694 3837 2099 3905 praeficeretur,
2138 3841 2192 3890 in
2233 3856 2340 3907 quo
2380 3840 2523 3907 quod

265 3930 332 3981 ab
387 3931 483 3981 illo
540 3930 648 3980 alia
703 3929 914 3980 ratione
971 3928 1170 3978 dictum
1227 3930 1371 3977 erat:
1425 3926 1589 3977 huius
1643 3927 1814 3978 studii
1864 3924 1998 3976 duae
2050 3932 2177 3977 sunt
2204 3929 2524 3993 positiones,

263 4016 533 4082 publicum
570 4021 616 4065 et
646 4018 945 4081 privatum,
981 4013 1217 4077 speciem
1246 4012 1513 4077 quandam
1553 4010 1883 4076 praestabat,
1922 4010 2083 4063 etiam
2120 4011 2174 4061 in
2213 4011 2523 4063 Institutio-

264 4103 424 4153 nibus
444 4102 584 4152 sicut
605 4100 660 4152 in
679 4101 918 4166 Digestis
936 4099 1002 4158 (X
1014 4097 1316 4149 XXXVIII
1334 4096 1382 4161 1)
1398 4101 1522 4164 post
1539 4098 1843 4148 absolutum
1866 4099 1946 4148 ius
1970 4098 2233 4161 privatum
2256 4097 2526 4149 adiectum

268 4187 481 4239 titulum
521 4186 588 4237 de
624 4187 859 4252 publicis
896 4185 1111 4237 iudiciis
1150 4200 1258 4236 non
1299 4189 1514 4250 praeter
1551 4183 1891 4247 institutum,
1945 4182 2040 4235 sed
2079 4183 2375 4236 secundum
2414 4184 2524 4250 pri·

269 4289 409 4325 mam
447 4274 630 4339 operis
666 4272 1106 4325 informationem
1143 4272 1218 4322 ibi
1256 4271 1489 4337 positum
1531 4285 1667 4322 esse.
1740 4271 1810 4321 Et
1836 4286 1969 4323 sane
1996 4272 2103 4323 alia
2129 4286 2345 4339 quoque
2382 4274 2524 4334 sunt,

267 4372 408 4425 quae
448 4362 736 4425 utrumque
774 4359 994 4411 titulum
1049 4358 1115 4410 ab
1167 4355 1360 4408 eodem
1410 4358 1719 4423 profectum
1770 4372 1891 4407 esse
1940 4357 2239 4409 verisimile
2275 4354 2525 4417 reddant,

268 4445 416 4495 velut
467 4445 562 4497 illa
611 4442 679 4494 de
731 4445 1031 4496 studiorum
1081 4444 1272 4498 ordine
1323 4443 1350 4495 I
1390 4447 1447 4508 1,
1484 4442 1516 4494 ‘2
1569 4444 1731 4504 dicta,
1786 4434 1925 4511 q'uae
1963 4444 2211 4495 videntur
2247 4442 2314 4494 ad
2352 4443 2526 4494 ultimi

264 4531 408 4581 tituli
447 4530 615 4581 verba
655 4530 845 4580 finalia
884 4528 982 4594 (IV
1025 4528 1105 4593 18,
1149 4527 1237 4594 12)
1274 4530 1390 4581 fere
1430 4527 1890 4580 accommodata“.
