3150 5259
650 556 736 619 20
1712 548 1847 633 [το]

651 764 802 807 num
859 751 1041 827 parte
1098 743 1163 805 in
1226 762 1346 804 usu
1409 747 1507 804 est
1569 740 1833 825 supral,
1896 740 2093 803 veluti
2155 739 2263 804 III
2314 745 2363 824 1,
2414 743 2492 805 15
2562 742 2637 805 de
2700 740 2943 826 quibus

651 868 914 931 supra
961 848 1035 923 (i.
1083 867 1137 909 e.
1187 844 1410 909 eadem
1469 844 1552 926 ξ.)
1615 845 1927 924 diximu33
1987 843 2154 909 adde
2201 844 2308 908 III
2362 851 2413 926 l,
2461 848 2533 925 23
2592 849 2651 927 6,
2706 851 2819 927 11;
2881 849 2943 924 9,

652 972 775 1035 pr.;
825 953 924 1033 19,
972 952 1046 1031 2;
1099 953 1196 1029 19,
1247 951 1363 1030 193
1413 950 1516 1029 24,
1571 951 1633 1031 13
1680 950 1783 1029 27,
1830 950 1907 1029 63
1955 950 2057 1030 28,
2106 951 2180 1031 33
2226 948 2325 1012 IV
2375 951 2429 1032 6,
2477 951 2590 1030 233
2654 952 2719 1034 6,
2768 952 2941 1029 33⁶3

657 1056 756 1136 127
810 1057 963 1221 LEX
1008 1157 1324 1220 contrario
1369 1157 1432 1220 in
1478 1155 1659 1219 libris
1707 1154 1740 1219 Ι
1784 1162 1849 1219 et
1898 1153 1965 1218 II
2010 1176 2214 1239 supra
2260 1156 2424 1220 adeo
2486 1158 2791 1236 evitatur,
2862 1165 2941 1221 ut

656 1262 849 1326 etiam
913 1266 1069 1340 tum,
1134 1260 1246 1323 ubi
1307 1259 1506 1351 Gaius
1567 1280 1771 1342 supra
1834 1260 2102 1345 scripsit,
2171 1263 2533 1326 omittatur:
2598 1261 2631 1324 I
2680 1265 2797 1346 10,
2856 1265 2942 1325 12

864 1470 884 1503 ²
921 1468 1099 1519 Semel
1137 1467 1324 1533 (1113,
1361 1465 1484 1533 pr.),
1523 1468 1619 1535 qui
1657 1468 1811 1519 locus
1848 1482 1917 1519 ex
1953 1466 2056 1542 Gai
2094 1467 2218 1519 inst.
2246 1468 2305 1521 11
2346 1468 2443 1523 115
2482 1470 2799 1537 desumptus
2824 1478 2942 1539 est,

655 1572 828 1623 supra
866 1556 1276 1621 compositorem
1315 1554 1536 1620 effugit:
1586 1554 1749 1621 quam
1796 1570 2021 1620 supra
2069 1558 2433 1621 exposuimus
2505 1558 2631 1611 Alia
2670 1567 2756 1610 est
2794 1575 2939 1612 con-

657 1644 802 1695 dicio
842 1641 1088 1694 adverbii
1127 1656 1299 1706 supra
1335 1641 1420 1692 bis
1459 1641 1512 1705 (Ι
1539 1639 1623 1706 20,
1654 1639 1689 1693 3
1738 1656 1961 1707 supra
2011 1646 2320 1709 scriptis
2369 1643 2576 1708 legibus
2602 1643 2622 1707 ΙΙ
2648 1644 2704 1696 II
2749 1647 2807 1697 11
2846 1662 2941 1710 pr.

657 1744 880 1796 supra
952 1729 1143 1780 dicta
1199 1728 1437 1791 diliyens
1497 1725 1820 1789 observatio)
1884 1743 2003 1778 cum
2066 1727 2297 1794 perfecti
2364 1730 2569 1794 passivi
2630 1732 2939 1799 participio

657 1815 952 1869 coniuncti.
1024 1814 1160 1865 Nam
1200 1818 1258 1865 ut
1296 1814 1590 1879 participia
1617 1814 1915 1879 praefatus
1954 1820 2009 1865 et
2039 1815 2359 1880 praedictus
2397 1815 2476 1879 (11
2511 1815 2544 1868 6
2581 1833 2692 1883 pr.;
2743 1816 2797 1882 6,
2836 1820 2942 1883 14;

660 1905 740 1969 11,
775 1901 836 1961 6;
876 1900 958 1966 16,
995 1901 1030 1953 2
1067 1930 1128 1939 ——
1167 1900 1224 1952 II
1259 1899 1393 1967 6,2;
1436 1899 1515 1966 10,
1553 1898 1627 1965 2),
1664 1901 1745 1951 ita
1778 1916 1956 1967 supra
1988 1905 2044 1951 et
2080 1916 2200 1952 cum
2239 1905 2476 1967 scriptus
2512 1910 2567 1953 et
2602 1920 2722 1955 cum
2756 1906 2939 1957 dictus

659 1990 774 2041 fere
810 1989 866 2039 in
906 1988 1064 2040 unius
1105 1988 1258 2039 vorbi
1296 2002 1494 2053 corpus
1547 1986 1687 2038 adeo
1725 1987 1962 2047 coaluit,
2014 1991 2073 2037 ut
2108 1987 2313 2038 rectius
2351 1988 2615 2039 continua
2652 1992 2941 2057 scriptura

567 2116 570 2118 Α
660 2078 1057 2143 suprascriptis
1129 2080 1184 2124 et
1257 2074 1576 2140 supradicta
1648 2071 1963 2125 exhibenda
2023 2088 2142 2125 esse
2202 2088 2469 2126 censeam.
2568 2079 2647 2127 Ao
2712 2076 2939 2127 memini

661 2163 784 2215 Stu
805 2161 999 2212 demu
1017 2160 1102 2221 nd
1121 2177 1220 2211 um
1258 2161 1313 2210 in
1353 2160 1552 2211 scholis
1577 2159 1943 2225 Argentorati
1971 2159 2036 2211 de
2064 2161 2491 2227 palaeographia
2517 2162 2692 2215 latina
2729 2162 2940 2214 habitis

659 2246 959 2301 identidem
996 2262 1098 2299 nos
1139 2262 1374 2311 monere,
1412 2252 1469 2296 ut
1509 2245 1827 2309 diligentius
1866 2262 2027 2313 quam
2067 2248 2195 2299 olim
2232 2246 2437 2299 factum
2490 2252 2631 2300 esset
2672 2250 2941 2301 observa-

661 2348 858 2397 remus,
901 2347 1035 2400 quas
1087 2333 1141 2383 in
1195 2331 1574 2397 disiungendis
1624 2332 1988 2397 iungendisve
2036 2333 2321 2385 vocabulis
2360 2334 2673 2399 compositis
2711 2351 2939 2386 normas

662 2435 759 2485 per
787 2418 944 2469 varia
979 2419 1199 2470 saecula
1237 2419 1411 2470 secuti
1449 2422 1633 2470 essent
1661 2433 2021 2470 amanuenses
2048 2434 2155 2469 non
2182 2419 2355 2469 solum
2382 2419 2436 2469 in
2463 2420 2938 2485 inscriptionibus,

663 2507 756 2556 sed
795 2504 958 2555 etiam
997 2504 1051 2554 in
1091 2504 1168 2555 eis
1207 2504 1489 2555 codicibus
1528 2504 1787 2572 antiquis,
1825 2506 1879 2555 in
1921 2504 2118 2571 quibus
2158 2502 2419 2557 diastolas
2456 2504 2616 2571 signo
2662 2504 2734 2555 ad
2772 2506 2938 2557 adiu-

663 2591 896 2643 vandam
936 2590 1229 2643 lectionem
1257 2591 1340 2643 usi
1366 2595 1491 2643 sunt
1519 2596 1875 2645 correctores.
1926 2591 2186 2658 Exemplo
2224 2596 2401 2643 autem
2442 2590 2698 2643 utebatur
2736 2590 2939 2643 Stude-

663 2676 894 2729 mundus
956 2692 1077 2727 cum
1138 2678 1367 2730 aliorum
1430 2678 1676 2729 codicum
1716 2678 1907 2741 (veluti
1946 2678 2152 2730 codicis
2192 2677 2422 2729 Parisini
2461 2678 2622 2729 latini
2658 2694 2741 2729 nr.
2778 2675 2936 2738 8084,

663 2780 771 2830 quo
822 2762 1178 2815 continentur
1229 2764 1428 2814 litteris
1481 2764 1795 2815 maiusculis
1856 2770 2087 2815 exarata
2124 2761 2410 2816 Prudentii
2461 2765 2704 2817 carmina
2753 2764 2938 2815 verbis

663 2849 809 2902 haud
857 2851 1048 2917 paucis
1101 2866 1136 2901 a
1180 2851 1488 2902 correctore
1537 2866 1647 2901 non
1696 2853 1819 2915 post
1868 2851 2103 2916 priorem
2160 2851 2366 2903 saeculi
2420 2867 2470 2916 p.
2522 2850 2646 2903 Chr.
2688 2869 2740 2903 n.
2790 2851 2937 2903 sexti

663 2941 872 3003 partem
913 2953 1016 3003 ope
1069 2934 1332 2988 diastolas
1381 2936 1698 3002 disiunctis3
1750 2938 1821 2988 cf.
1875 2936 1943 2987 de
1992 2938 2097 2989 hoc
2134 2936 2325 2990 codice
2362 2937 2579 2990 Ulixem
2616 2938 2827 2990 Robert
2874 2941 2933 2990 in

664 3023 946 3088 Malanyes
1002 3023 1216 3084 Graux,
1272 3021 1496 3074 Parisiis
1553 3021 1715 3088 1884,
1765 3039 1893 3090 pag.
1944 3022 2245 3091 405—413,
2298 3025 2390 3091 qui
2441 3024 2645 3079 codicis
2697 3025 2937 3077 Parisini

665 3110 932 3175 imagines
982 3110 1188 3176 publici
1236 3109 1370 3160 iuris
1421 3110 1598 3161 factas
1667 3111 2005 3162 enumeravit
2063 3127 2191 3177 pag.
2241 3110 2401 3177 407),
2460 3114 2570 3162 tum
2627 3111 2935 3179 apographi

667 3196 883 3248 Codicis
930 3196 1221 3248 Iustiniani
1273 3194 1704 3261 fragmentorum
1745 3198 2143 3249 Veronensium
2182 3197 2402 3249 saeculo
2441 3214 2491 3263 p.
2530 3197 2650 3249 Chr.
2690 3216 2741 3249 n.
2779 3201 2929 3249 sexto

665 3282 754 3333 vel
815 3283 1046 3348 septimo
1105 3287 1451 3335 exaratorum
1503 3300 1536 3333 a
1592 3284 1762 3335 Paulo
1816 3284 2097 3349 Kruegero
2150 3300 2294 3336 auno
2362 3283 2495 3336 1874
2547 3284 2749 3352 publici
2802 3273 2932 3337 iuris

665 3368 820 3432 facti,
859 3368 925 3421 de
963 3384 1072 3436 quo
1112 3368 1670 3431 Studemundus‚
1712 3371 1980 3438 siquidem
2018 3372 2165 3423 recte
2206 3372 2321 3422 eius
2360 3371 2527 3422 verba
2564 3371 2771 3437 excepi,
2798 3371 2928 3421 haec

667 3456 785 3507 fere
824 3453 1011 3507 docuit
1058 3457 1114 3506 in
1167 3455 1394 3507 scholis:
1450 3456 1701 3521 „Summo
1740 3472 1902 3521 opere
1950 3455 2244 3507 dolendum
2286 3462 2395 3522 est,
2434 3457 2579 3524 quod
2616 3458 2930 3523 Kruegerus

668 3543 1019 3610 „frequentes
1075 3542 1199 3593 illas
1251 3542 1647 3593 vocabulorum
1697 3541 2092 3595 disiunctiones
2144 3560 2247 3610 ope
2286 3543 2549 3597 diastolen
2600 3544 2931 3611 significatas

669 3646 806 3692 „non
845 3630 1004 3695 plene
1043 3628 1318 3693 enotavit,
1358 3628 1553 3695 quibus
1589 3634 1866 3681 corrector
1901 3630 2111 3683 codicis
2150 3632 2372 3697 capituli
2407 3633 2739 3684 Veronensis
2778 3630 2929 3683 LXII

669 3713 771 3781 „ad
823 3713 1189 3767 adiuvandam
1241 3729 1566 3781 graecorum
1616 3720 1677 3767 ut
1728 3715 1942 3768 videtur
1990 3718 2263 3770 hominum
2313 3718 2605 3769 lectionem
2658 3732 2786 3769 usus
2836 3720 2929 3774 est,

669 3802 1020 3868 „Kruegerus
1059 3802 1219 3867 enim,
1260 3816 1380 3851 cum
1409 3816 1552 3866 sei-0,
1593 3803 1780 3869 quanti
1807 3804 2064 3855 momenti
2091 3806 2224 3857 haec
2253 3803 2517 3855 diastoles
2544 3804 2703 3870 signa
2738 3810 2929 3859 essent»

670 3888 1089 3955 „perspexisset,
1132 3889 1455 3955 plerumque
1495 3903 1682 3939 eorum
1726 3888 1999 3941 hominum
2046 3889 2329 3942 doctorum
2377 3888 2669 3955 (Friderici
2700 3889 2928 3941 Bluhmii

670 3980 758 4043 „et
797 3974 868 4028 M.
908 3974 954 4026 S.
997 3973 1208 4041 Mayeri
1258 3973 1811 4042 iureconsultorum),
1858 3977 1948 4044 qui
2002 3980 2131 4028 ante
2169 3976 2515 4043 Kruegerum
2565 3979 2927 4043 apographum

669 4062 1148 4129 „fragmentorum
1179 4060 1577 4113 veronensium
1614 4077 1806 4128 parum
1844 4068 2099 4115 accurate
2137 4063 2513 4127 confecerant,
2551 4061 2659 4113 fide
2697 4064 2843 4114 stetit
2876 4065 2927 4113 in

670 4149 786 4214 „his
827 4148 1066 4199 minutiis
1121 4149 1443 4214 apographo
1492 4151 2000 4215 repraesentandis:
2050 4151 2196 4201 conf.
2235 4150 2623 4201 vocabulorum
2670 4150 2927 4215 composi-

670 4238 916 4300 „torum,
970 4250 1112 4302 quae
1147 4236 1222 4303 ,5¹¹
1275 4234 1461 4286 codice
1512 4235 1609 4288 illo
1659 4234 1968 4287 Veronensi
2021 4243 2114 4287 aut
2152 4241 2469 4287 constanter
2519 4242 2612 4286 aut
2648 4250 2811 4301 saepe
2846 4238 2929 4287 aut

671 4339 830 4389 „raro
869 4326 961 4372 aut
999 4336 1290 4387 numquam
1331 4320 1608 4373 disiuncta
1634 4326 1758 4373 sunt
1797 4339 1827 4373 a
1854 4326 2182 4383 correctore,
2220 4321 2456 4373 indicem
2495 4339 2526 4373 a
2564 4322 2623 4373 P.
2651 4321 2923 4387 Kruegero

671 4406 850 4475 „(pag.
890 4409 938 4459 V
977 4408 1117 4477 seq.)
1155 4409 1526 4474 compositum.
1601 4409 1764 4461 Teste
1801 4410 1899 4461 illo
1938 4408 2119 4462 indice
2156 4409 2570 4476 Kruegeriano:

884 4513 959 4579 „L
1018 4513 1184 4566 modo
1222 4517 1500 4582 tamquam
1537 4514 1756 4580 singula
1793 4515 2061 4568 vocabula
2096 4513 2256 4566 modo
2297 4520 2569 4581 tamquam
2606 4514 2738 4565 bina
2774 4512 2927 4581 signi·

689 4596 885 4664 „ficata
925 4605 1050 4655 sunt
1075 4616 1118 4651 e.
1145 4616 1197 4671 g.
1235 4601 1401 4657 haec:
1440 4598 1799 4675 supradictus*
1820 4606 1877 4654 et
1912 4617 2085 4674 supra
2116 4602 2318 4669 dioran
2354 4602 2742 4656 iusiurandum
2780 4598 2926 4664 (conf.
