3150 5259
1325 529 1462 614 [59]
1880 495 1884 501 ’
2487 531 2525 591 9

254 722 634 804 praesertim
677 723 740 786 in
783 720 1240 806 posterioribus
1283 719 1458 783 libris
1505 719 1633 784 tale
1680 718 1833 804 quid
1876 740 2007 784 non
2052 719 2291 800 redeat,
2338 716 2529 781 valde

253 847 399 891 eum
461 836 814 892 erraturum
877 846 1016 891 esse
1081 830 1585 889 consentaneum
1616 811 1759 888 est.
1848 821 2032 888 Idem
2092 823 2221 904 fiat,
2266 822 2319 886 si
2364 821 2525 907 quis,

253 929 423 1015 quod
493 929 526 992 I
595 933 705 1009 12,
775 933 813 994 8
876 930 1118 1013 legitur
1171 934 1500 1013 praesente
1560 949 1628 992 eo
1686 930 1795 1012 qui
1850 926 2200 1011 adoptatur
2259 933 2329 990 et
2372 946 2526 989 non

254 1034 720 1097 contradicente
775 1054 916 1097 nec
975 1053 1133 1096 non
1189 1052 1256 1097 eo
1317 1034 1426 1117 qui
1489 1032 1784 1115 adoptat,
1848 1031 2256 1116 compositori
2300 1029 2525 1113 prioris

252 1137 450 1221 partis
519 1137 837 1221 imputare
902 1137 1086 1214 velit3
1155 1136 1561 1219 desumptum
1630 1137 1798 1199 enim
1870 1142 1967 1200 est
2032 1157 2067 1197 e
2130 1133 2290 1199 God.
2355 1133 2524 1198 VIII

252 1243 360 1323 47,
414 1244 511 1305 11.

459 1343 562 1407 Ex
622 1344 698 1408 iis
757 1345 977 1427 igitur,
1040 1363 1203 1427 quae
1270 1342 1569 1408 detractis
1637 1341 1927 1406 omnibus
1993 1361 2159 1426 quae
2205 1339 2526 1406 debentur

250 1446 713 1531 antiquioribus
778 1448 1192 1531 scriptoribus
1258 1452 1536 1527 restant,
1613 1444 2079 1510 enucleandum
2156 1444 2339 1508 nobis
2408 1451 2523 1527 est,

251 1570 415 1635 quae
447 1550 804 1615 differentia
823 1551 990 1615 inter
1022 1551 1264 1636 priores
1297 1556 1362 1614 et
1391 1550 1779 1635 posteriores
1815 1546 2299 1613 Institutionum
2328 1550 2523 1614 libros

249 1654 624 1721 intercedat.
733 1653 942 1728 Quam
1000 1675 1155 1719 cave
1211 1675 1430 1739 speres
1491 1654 1695 1738 prima
1755 1654 1968 1717 statim
2028 1652 2242 1737 specie
2297 1650 2522 1737 depre-

251 1760 530 1825 hensum
573 1759 685 1838 iri3
729 1758 923 1822 immo
971 1759 1078 1843 qui
1111 1758 1316 1823 obiter
1360 1779 1495 1822 rem
1527 1756 1917 1839 tractaverit,
1948 1778 2071 1822 non
2119 1755 2339 1819 dubito
2374 1755 2524 1839 quin

247 1862 488 1927 frustra
546 1864 608 1925 in
678 1884 752 1927 eo
809 1863 1216 1928 laboraturus
1279 1863 1390 1945 sit,
1453 1869 1525 1925 ut
1586 1862 1822 1927 idonea
1885 1860 2147 1945 indaget
2211 1860 2522 1944 exempla.

247 1966 708 2050 Reputandum
770 1968 938 2031 enim
996 1973 1094 2032 est
1139 1968 1205 2030 in
1251 1966 1773 2030 Institutionibus
1836 1962 2291 2049 componendis
2338 1983 2521 2027 occu-

248 2076 434 2156 patos
464 2070 660 2135 fuisse
693 2068 858 2133 duos
889 2071 1077 2152 viros,
1124 2070 1231 2155 qui
1279 2091 1421 2134 cum
1457 2069 1643 2132 simili
1673 2068 1859 2133 modo
1894 2068 2149 2133 edueati
2192 2067 2520 2152 isdemque

248 2175 576 2240 doctrinae
641 2174 970 2240 elementis
1037 2173 1270 2239 eruditi
1337 2173 1558 2239 eodem
1631 2194 1892 2237 munere
1962 2172 2520 2256 iurisprudentiam

191 2296 210 2317 ⁰
250 2277 520 2345 docendi
594 2277 1016 2361 fungerentur
1091 2283 1288 2363 atque
1362 2276 1444 2340 ad
1516 2276 1961 2341 Institutiones
2045 2276 2519 2360 componendas

252 2383 558 2469 appellati
605 2380 830 2448 eodem
878 2388 1168 2465 tempore
1202 2379 1553 2466 eademque
1597 2382 1660 2444 in
1708 2380 1866 2445 urbe
1911 2380 2277 2461 scriberent,
2304 2403 2520 2446 neces-

249 2486 414 2550 sario
473 2487 524 2549 si
585 2506 714 2551 non
775 2485 1188 2569 aequabiliter
1249 2490 1316 2547 at
1374 2492 1589 2548 tamen
1635 2485 1920 2549 similiter
1976 2486 2328 2551 orationem
2371 2506 2517 2550 con-

249 2589 682 2655 formaverint.
776 2589 1005 2675 Itaque
1048 2610 1176 2653 non
1223 2597 1355 2654 tam
1402 2589 1462 2653 in
1509 2595 1649 2654 toto
1698 2589 2002 2653 orationis
2053 2589 2272 2653 habitu
2327 2610 2517 2674 quam

246 2696 310 2759 in
358 2716 479 2759 usu
535 2694 929 2777 singularum
991 2713 1219 2758 vocum
1278 2692 1802 2777 locutionumque
1866 2692 2242 2775 differentia,
2289 2693 2341 2758 si
2390 2714 2517 2777 qua

249 2804 363 2876 est,
407 2796 697 2880 indagari
741 2797 997 2881 poterit.

1313 2985 1454 3067 §3.

453 3108 661 3183 Quam
707 3128 899 3191 saepe
943 3109 1226 3192 priorum
1269 3113 1333 3172 et
1397 3107 1823 3192 posteriorum
1869 3107 2176 3181 librorum
2224 3130 2377 3173 usus
2425 3111 2515 3175 di-

247 3212 429 3277 cendi
476 3211 638 3277 adeo
686 3212 1070 3294 consentiat,
1117 3217 1186 3274 ut
1233 3211 1436 3275 obiter
1467 3211 1949 3295 inspicientibus
1989 3212 2071 3275 ab
2102 3232 2228 3275 una
2261 3213 2516 3279 eadem-

247 3336 369 3401 que
413 3335 606 3379 manu
655 3314 986 3399 compositi
1031 3334 1171 3379 esse
1219 3314 1418 3378 videri
1462 3314 1725 3398 possint,
1774 3334 2005 3397 magna
2052 3317 2511 3401 exemplorum,

247 3440 410 3505 quae
469 3418 794 3502 congessi,
855 3419 1038 3503 copia
1095 3439 1238 3482 cum
1298 3418 1737 3482 demonstrare
1790 3419 2057 3501 possim,
2120 3438 2327 3502 pauca
2370 3438 2512 3505 pro·

245 3523 476 3587 feram:

456 3629 512 3692 1.
601 3625 886 3693 Redun
911 3625 1245 3691 dantiae
1291 3633 1562 3711 uterque
1609 3626 1997 3711 compositor
2042 3627 2129 3690 ita
2174 3626 2410 3703 studet,
2443 3634 2514 3691 ut

247 3731 357 3795 ubi
401 3752 599 3794 unum
646 3730 909 3795 verbum
971 3729 1070 3792 vel
1132 3751 1257 3793 una
1302 3730 1540 3794 locutio
1589 3730 1893 3815 sufficiat,
1940 3730 2225 3815 pluribus
2272 3715 2510 3797 utatur.

245 3834 350 3898 Sic
405 3854 885 3919 nonnumquam
944 3834 1314 3919 synonymis
1373 3835 1598 3899 eadem
1658 3855 1759 3898 res
1819 3833 2210 3898 declaratur:
2282 3833 2316 3897 I
2366 3838 2421 3918 1,
2472 3837 2511 3899 2

244 3938 404 4001 levi
477 3960 552 4003 ac
623 3940 986 4021 simplici
1017 3936 1042 4019 ΙΙ
1074 3938 1733 4022 diliqentissima
1810 3945 1992 4023 atque
2066 3940 2509 4003 exactissi-

243 4062 358 4105 ma
392 4040 416 4124 ΙΙ
448 4042 984 4106 multitudine
1029 4063 1104 4106 ac
1145 4043 1569 4105 varietate
1615 4041 1757 4124 (cfr.
1785 4039 1885 4104 IV
1919 4044 2011 4117 13,
2040 4043 2077 4104 6
2110 4062 2185 4105 ex
2228 4043 2511 4106 multis

243 4147 635 4230 variisque
695 4147 936 4227 causis)
986 4144 1010 4226 ΙΙ
1057 4147 1126 4222 2,
1179 4149 1250 4209 11
1310 4146 1572 4228 firma
1622 4152 1805 4230 atque
1864 4144 2479 4227 immutabiliall

246 4250 342 4326 12,
389 4251 427 4312 5
464 4250 690 4332 finis
749 4250 1010 4336 qnidam
1062 4256 1117 4313 et
1176 4248 1638 4330 ter-minusss
1688 4252 1747 4330 5,
1793 4250 1831 4312 3
1881 4270 2043 4313 una
2085 4256 2269 4334 atque
2314 4251 2511 4313 sim-

234 4350 420 4435 plem
464 4352 720 4417 libertas
750 4354 774 4433 ΙΙ
809 4352 877 4416 II
927 4356 982 4432 7,
1018 4355 1057 4417 2
1093 4353 1668 4436 plenissimum
1715 4358 1772 4416 et
1807 4352 2271 4435 perfectum
2316 4353 2511 4417 robur

242 4452 262 4540 ΙΙ
293 4458 459 4539 12,3
507 4458 889 4521 litterati
932 4454 1408 4540 eteruditil}
1441 4459 1542 4535 25,
1585 4478 1679 4542 pr.
1725 4476 2065 4540 maynas
2109 4463 2165 4521 et
2208 4458 2511 4544 lonqas

237 4562 799 4645 pereqrinationea
