3150 5259
633 534 717 595 26
1698 536 1833 619 [το]

940 732 1120 810 parte
1165 732 1581 811 usurpantur:
1625 726 1782 791 illud
1829 725 1928 791 IV
1975 730 2036 809 6,
2082 728 2146 810 3,
2194 726 2316 791 hoc
2359 727 2465 793 III
2515 730 2611 807 10,
2663 725 2737 813 13
2805 729 2908 794 IV

958 833 1050 908 14,
1096 834 1167 911 43
1219 834 1316 911 16,
1360 851 1453 915 pr.

841 936 898 995 9.
982 932 1130 999 Non
1191 935 1392 1001 solum
1439 986 1453 1001 .
1487 988 1499 1001 .
1532 985 1547 999 .
1596 936 1703 1001 sed
1766 938 1955 1000 etiam
2017 937 2150 1018 (vel
2212 936 2320 1000 sed
2380 944 2437 1001 et
2493 938 2594 1001 vel
2650 938 2786 1020 sed)
2833 938 2901 1003 in

630 1036 918 1100 omnibus
962 1037 1138 1101 libris
1183 1060 1388 1124 aequo
1438 1041 1628 1103 modo
1661 1040 1727 1102 in
1771 1061 1891 1104 usu
1938 1046 2075 1122 est,
2120 1042 2270 1103 item
2314 1061 2441 1105 non
2485 1048 2725 1105 tantum
2773 1092 2788 1107 .
2828 1092 2841 1108 .
2876 1094 2893 1108 .

631 1138 742 1200 sed
788 1141 976 1203 etiam
1019 1138 1180 1223 (et).
1273 1142 1458 1216 Quod
1521 1152 1739 1209 autem
1799 1144 1895 1207 bis
1953 1144 2021 1206 in
2081 1144 2283 1208 altero
2331 1144 2615 1209 membro
2670 1146 2906 1230 legitur

631 1262 846 1305 verum
889 1244 1076 1307 etiam
1125 1244 1218 1326 (Π
1266 1251 1324 1327 4,
1365 1248 1440 1329 2,
1491 1249 1590 1324 18,
1628 1245 1717 1330 1),
1761 1246 1826 1310 id
1873 1247 2035 1311 adeo
2084 1248 2162 1312 ab
2211 1269 2311 1330 ec,
2359 1249 2467 1333 qui
2510 1250 2904 1333 posteriores

630 1346 825 1411 libros
876 1351 1266 1432 composuit,
1311 1351 1666 1435 respuitur,
1712 1356 1818 1435 ut,
1867 1352 1975 1416 ubi
2021 1352 2192 1435 apud
2239 1352 2660 1437 antiquiorem
2704 1352 2898 1439 scrip-

629 1455 856 1531 torem,
919 1452 1096 1516 cuius
1157 1456 1353 1517 verba
1401 1456 1739 1536 exscribit,
1799 1455 1959 1519 illud
2008 1462 2383 1541 usurpatum
2446 1456 2707 1539 invenit,
2754 1480 2901 1523 cum

630 1557 954 1640 particulis
1017 1557 1125 1621 sed
1185 1562 1372 1621 etiam
1431 1566 1791 1642 permutet:
1858 1556 1954 1622 IV
2001 1562 2059 1638 4,
2106 1562 2144 1623 2
2189 1580 2315 1624 non
2360 1561 2558 1623 solum
2606 1610 2622 1625 .
2656 1610 2671 1625 .
2706 1609 2719 1624 .
2763 1562 2903 1625 sed

628 1664 896 1744 etiam,
943 1661 1051 1727 cfr.
1099 1660 1220 1724 Grai
1262 1663 1404 1726 inst.
1451 1664 1554 1727 III
1602 1667 1759 1729 221:
1806 1714 1821 1731 .
1855 1718 1868 1731 .
1902 1716 1915 1731 .
1962 1686 2230 1729 verum
2274 1666 2546 1729 etiam.

841 1767 940 1831 10.
1031 1766 1255 1831 Potius
1283 1805 1362 1813 —
1393 1790 1584 1853 quam
1606 1769 1837 1834 frustra
1870 1791 2138 1855 quaeras
2168 1772 2235 1835 in
2264 1770 2579 1854 prioribus
2609 1771 2802 1854 libris,
2832 1772 2896 1835 in

636 1870 1094 1954 posterioribus
1157 1877 1369 1935 autem
1432 1880 1529 1936 ter
1575 1879 1951 1957 usurpatur:
2019 1875 2124 1940 III
2179 1876 2291 1955 27,
2340 1878 2378 1938 6
2446 1880 2516 1937 ut
2582 1874 2902 1939 distrahat

625 1975 1288 2057 potius‘ueqotium
1349 1996 1578 2060 quam
1647 1978 1999 2057 contrahat,
2069 1968 2179 2041 cfr.
2225 1977 2323 2040 IV
2382 1980 2448 2059 1,
2499 1980 2612 2061 143
2685 1982 2793 2060 15,
2839 1983 2900 2043 4.

630 2080 878 2145 Eodem
925 2082 1116 2146 modo
1163 2080 1227 2142 in
1275 2101 1394 2144 usu
1441 2088 1537 2145 est
1582 2082 1883 2166 mayis—
1903 2102 2092 2167 quam
2136 2081 2242 2145 III
2286 2083 2390 2161 27,
2435 2085 2471 2145 6
2520 2083 2783 2167 maqis
2826 2089 2899 2145 ut

624 2206 827 2268 supra
873 2186 1146 2251 diasimus
1192 2207 1266 2251 ex
1312 2187 1626 2251 distractu
1670 2206 1902 2270 quam
1946 2207 2021 2250 ea:
2052 2192 2397 2268 contractu,
2446 2187 2553 2250 cfr.
2598 2187 2705 2251 III
2736 2190 2793 2269 6,
2830 2190 2887 2253 9.

627 2290 703 2353 In
748 2290 926 2355 libris
972 2292 1006 2355 1
1051 2296 1116 2355 et
1158 2290 1228 2356 II
1273 2290 1396 2355 hoc
1456 2312 1651 2355 unum
1707 2292 1771 2355 in
1818 2313 1939 2356 usu
2000 2292 2296 2355 habetur:
2360 2291 2393 2355 I
2443 2293 2541 2374 16,
2590 2294 2627 2355 5
2675 2292 2895 2376 quibus

631 2400 837 2458 autem
906 2395 1189 2479 diqnitas
1245 2416 1366 2458 ma
1376 2396 1506 2479 qis
1565 2415 1789 2480 quam
1852 2402 2057 2459 status
2092 2402 2501 2479 permutatur
2532 2396 2556 2479 ΙΙ
2587 2396 2661 2462 II
2705 2400 2806 2478 23,
2854 2399 2889 2458 7

627 2499 804 2564 nobis
847 2502 915 2563 in
959 2499 1194 2584 leqibus
1251 2520 1310 2562 m
1327 2520 1368 2563 a
1385 2502 1512 2584 qis
1571 2501 1944 2585 simplicitas
2001 2520 2223 2584 quam
2276 2500 2631 2585 difficultas
2670 2503 2894 2587 placet.

626 2603 738 2667 Bis
783 2603 850 2666 in
898 2604 1057 2668 libro
1102 2604 1172 2667 II
1202 2602 1294 2687 (1,
1320 2604 1431 2686 25)
1466 2606 1685 2688 potius
1733 2605 1897 2685 (sine
1946 2605 2161 2690 quam)
2210 2611 2357 2690 post
2400 2627 2487 2670 an
2532 2608 2882 2675 invenitur:

623 2716 838 2773 utrum
883 2712 937 2774 is
981 2711 1087 2795 qui
1121 2709 1353 2793 fecerit
1396 2730 1484 2773 an
1527 2710 1632 2773 ille
1666 2711 1951 2792 potius
2011 2712 2119 2796 qui
2165 2764 2178 2778 .
2213 2757 2226 2771 .
2260 2760 2274 2775 .
2307 2709 2331 2792 ΙΙ
2362 2710 2606 2793 placuit
2650 2761 2665 2776 .
2702 2762 2716 2777 .
2750 2761 2763 2776 .
2833 2716 2891 2777 si

626 2833 701 2877 ea
765 2815 994 2897 species
1057 2813 1142 2875 ad
1203 2814 1536 2876 materiam
1598 2814 1817 2877 reduci
1848 2816 2055 2897 possit
2071 2864 2091 2896 ,
2148 2836 2287 2880 eum
2330 2818 2531 2882 videri
2573 2816 2890 2881 dominum

624 2940 768 2999 esse,
829 2921 938 3003 qui
979 2918 1278 2984 materiae
1321 2916 1615 2980 dominus
1642 2917 1897 3000 fuerat,
1943 2920 2001 2983 si
2042 2940 2169 2985 non
2201 2924 2409 3004 possit
2451 2922 2701 3004 reduci,
2754 2942 2889 2986 eum

620 3043 665 3105 p
683 3024 912 3087 otius
956 3024 1232 3106 iutelleyi
1275 3022 1600 3086 dominum
1644 3023 1753 3107 qui
1780 3022 2029 3105 fecerit.

833 3131 931 3193 11.
1039 3125 1323 3211 Namque
1382 3126 1693 3209 particula
1754 3127 1954 3191 rarius
2018 3128 2083 3190 in
2143 3128 2316 3193 libris
2381 3129 2412 3193 I
2476 3136 2542 3194 et
2589 3129 2658 3193 II
2703 3129 2889 3211 (ter),

620 3232 872 3316 saepius
917 3232 982 3296 in
1030 3231 1206 3296 libris
1252 3230 1356 3293 111
1402 3236 1466 3293 et
1512 3228 1609 3293 IV
1642 3229 2045 3313 (duodecies)
2092 3232 2326 3318 scripta
2372 3240 2496 3299 est:
2543 3234 2578 3297 I
2624 3236 2727 3316 21,
2757 3254 2883 3319 pr.;

623 3335 694 3399 II
740 3339 803 3418 4,
851 3333 1664 3419 235,1;1111,11;6,
1712 3337 2447 3418 7313‚1;14‚2;IV
2494 3341 2881 3421 6‚1;6‚4;

623 3442 680 3520 6,
728 3442 848 3521 393
896 3441 950 3521 7,
1002 3442 1074 3518 33
1130 3444 1226 3519 11,
1271 3460 1401 3523 pr.;
1453 3440 1551 3520 15,
1584 3442 1643 3520 4,
1691 3459 1809 3503 nec
1853 3439 2120 3504 interest
2169 3447 2381 3505 utrum
2426 3443 2717 3527 proxima
2760 3464 2885 3507 vox

622 3565 659 3606 a
705 3542 916 3607 littera
962 3542 1164 3606 vocali
1209 3542 1470 3625 incipiat
1529 3563 1612 3605 an
1658 3564 1695 3605 a
1750 3548 2161 3608 consonante.
2256 3543 2667 3630 Quantopere
2709 3567 2884 3611 nam-

619 3668 733 3731 que
778 3646 1189 3732 compositori
1232 3646 1661 3730 posteriorum
1708 3646 2013 3711 librorum
2069 3648 2131 3711 in
2191 3645 2429 3712 deliciis
2473 3649 2695 3732 fuerit,
2740 3650 2885 3714 inde

617 3750 1034 3834 intellegitur,
1081 3749 1251 3835 quod
1302 3750 1493 3815 etiam
1537 3750 1614 3813 iis
1660 3749 1835 3833 locis,
1886 3751 2115 3837 quibus
2150 3751 2347 3817 Gaius
2392 3754 2555 3817 enim
2602 3753 2883 3836 dederat,

618 3875 733 3940 pro
781 3855 943 3918 enim
989 3854 1314 3919 substituit
1358 3874 1660 3939 namque:
1707 3854 1803 3918 IV
1852 3858 1909 3935 8,
1958 3857 1997 3918 2
2041 3876 2379 3941 namque
2424 3864 2562 3921 erat
2604 3860 2885 3943 iniquum

619 3958 767 4037 (Gai
811 3958 953 4023 inst.
1007 3957 1105 4022 IV
1153 3962 1232 4023 75
1279 3965 1418 4023 erat
1461 3961 1669 4022 enim
1714 3959 2026 4043 iniquum)
2058 3960 2083 4041 ΙΙ
2116 3963 2175 4041 8,
2223 3963 2260 4023 6
2322 3982 2665 4047 namque
2723 3964 2885 4027 inter

618 4062 941 4127 dominum
985 4070 1042 4127 et
1071 4082 1228 4145 eum,
1273 4064 1382 4149 qui
1427 4112 1442 4127 .
1479 4112 1493 4128 .
1540 4062 1693 4143 (Gai
1739 4064 1881 4129 inst.
1917 4062 2014 4126 IV
2048 4066 2125 4128 78
2162 4066 2339 4129 nulla
2388 4066 2588 4129 euim
2633 4068 2879 4132 omnino

617 4169 782 4232 inter
827 4188 922 4231 me
965 4173 1022 4231 et
1067 4187 1220 4247 eum,
1267 4170 1425 4252 qui).

832 4272 926 4336 12.
1026 4269 1266 4355 Utpote,
1311 4292 1438 4357 qua
1480 4274 1798 4357 particula
1838 4273 2169 4359 participii,
2216 4275 2384 4359 quod
2434 4276 2885 4341 enuntiationis

619 4374 1030 4440 secundariae
1077 4376 1213 4439 vice
1254 4376 1561 4460 fungitur,
1610 4378 1704 4441 vis
1752 4378 2020 4443 causalis
2053 4387 2343 4462 augetur,
2392 4379 2509 4443 bis
2553 4380 2882 4465 participio

820 4476 920 4541 III
989 4482 1051 4562 l,
1123 4481 1204 4544 14
1265 4480 1708 4548 exheredatum
1760 4482 1985 4567 facere
2058 4490 2197 4569 utp
2215 4490 2337 4548 ote
2400 4485 2575 4550 nullo
2638 4486 2885 4550 vinculo

823 4585 1293 4669 copulatum
1337 4583 1657 4670 (Theoph.
1691 4582 1817 4649 οἷα
1859 4589 2074 4671 μηδενὶ
2119 4586 2361 4677 φυσικῷ
2387 4590 2603 4678 δεσμῷ
2629 4586 2883 4669 κρατού-
