3150 5259
1350 493 1494 578 [67]·
2467 500 2543 561 17

493 692 552 753 2,
642 687 864 751 Facile
910 684 1284 750 adverbium
1329 683 1793 749 adiectivumve
1839 685 2179 750 habemus:
2226 689 2294 765 α)
2340 687 2443 750 III
2495 691 2549 770 1,

283 800 359 860 14
409 794 744 877 adoptione
779 791 1062 875 facile
1096 810 1220 873 per
1264 789 1822 871 emancipationem
1851 790 2080 872 soluta,
2112 780 2222 855 cfr.
2257 790 2362 853 III
2394 793 2452 870 9,
2477 794 2545 871 9,

275 900 373 967 IV
420 903 493 980 6,
539 900 641 961 33.
728 898 794 977 β)
854 894 958 957 III
1004 897 1076 975 5,
1131 896 1159 955 1
1211 913 1397 977 quam
1442 891 1541 974 fa
1564 894 1715 956 cile
1758 899 1873 957 est
1920 944 1933 957 .
1968 941 1981 955 .
2018 944 2031 958 .
2082 895 2386 977 colliqere,
2433 896 2547 966 cfr,

271 1006 371 1070 IV
422 1006 533 1082 11,
591 1021 723 1085 pr.;
796 1001 892 1075 14,
939 1001 976 1061 3
1033 997 1057 1079 ΙΙ
1110 996 1209 1060 IV
1274 1001 1346 1075 6,
1394 992 1520 1060 33⁶
1572 998 1952 1079 promissori
2006 997 2381 1080 facilius
2438 1001 2549 1063 sit

274 1108 439 1174 illud
485 1107 735 1170 solvere.

423 1244 432 1251 ·
483 1209 692 1273 Huius
749 1205 1074 1281 vocabuli,
1133 1203 1300 1288 quod
1362 1204 1427 1267 in
1472 1203 1700 1268 duobis
1762 1202 2078 1288 prioribus
2124 1205 2302 1269 libris
2352 1210 2545 1271 semel

277 1320 523 1380 tantum
584 1312 817 1395 legitur
881 1308 983 1393 (II
1043 1311 1159 1388 20,
1216 1308 1316 1389 3),
1376 1309 1515 1373 vice
1562 1308 1889 1391 fungitur:
1944 1308 2024 1371 ad
2070 1312 2141 1388 α)
2187 1310 2221 1373 Ι
2271 1315 2326 1393 1,
2373 1314 2411 1375 2
2462 1312 2549 1375 ad

275 1421 439 1505 quod
483 1468 498 1483 .
532 1466 595 1481 ..
644 1418 814 1481 sine
856 1433 1147 1497 mayno
1190 1412 1469 1476 labore
1513 1458 1575 1503 ·.·
1615 1464 1628 1477 .
1674 1414 1940 1496 perduci
1978 1415 2300 1496 potuisset.
2350 1414 2429 1478 ad
2474 1420 2545 1497 β)

275 1524 343 1588 II
389 1528 448 1603 6,
496 1526 530 1587 7
595 1520 762 1606 quod
825 1524 1030 1582 autem
1092 1517 1179 1580 ad
1236 1537 1340 1583 eas
1384 1538 1484 1580 res
1499 1564 1520 1597 ,
1568 1537 1727 1601 quae
1776 1519 1903 1582 solo
1952 1519 2366 1601 continentur,
2414 1538 2545 1583 ea·-

273 1628 640 1710 peditius
679 1622 981 1708 procedit.

482 1734 541 1796 3.
632 1728 735 1792 Ad
799 1726 922 1789 vim
983 1724 1403 1809 comparativi
1457 1723 1738 1807 gradus¹
1807 1724 2169 1809 augendam
2238 1748 2391 1791 usus
2452 1734 2547 1792 est

277 1834 661 1918 compositor
704 1829 1073 1915 posterioris
1119 1827 1601 1891 Institutionum
1647 1828 1845 1911 partis
1880 1828 2203 1911 adverbi0‚
2240 1830 2404 1914 quod
2447 1838 2545 1896 est

277 1940 538 2022 lonqe,
582 1957 698 2021 pro
745 1930 1720 2013 multo221111,12tlon9e
1763 1932 1971 1995 minus
2005 1932 2027 2011 ΙΙ
2062 1934 2172 2013 23,
2220 1934 2258 1994 3
2306 1936 2548 2019 lonye

276 2044 479 2105 minor
510 2040 535 2122 Η
567 2039 674 2103 III
721 2042 780 2119 6,
829 2040 863 2101 7
911 2039 934 2101 l
951 2057 1047 2101 on
1060 2056 1148 2120 qe
1185 2036 1455 2117 facilius
1486 2034 1511 2116 ΙΙ
1543 2033 1641 2097 IV
1688 2038 1747 2115 3,
1791 2038 1828 2099 9
1874 2038 1899 2099 l
1916 2056 2011 2100 on
2025 2056 2111 2122 qe
2153 2039 2361 2120 pluris
2394 2038 2546 2121 111V

279 2149 377 2225 15,
423 2148 462 2209 4
507 2146 642 2208 lon
656 2164 749 2227 qe
794 2140 1187 2204 commodius.

480 2250 554 2313 In
602 2248 812 2333 priore
858 2250 1042 2330 parte
1088 2244 1313 2308 eodem
1344 2247 1527 2327 pacto
1557 2245 1752 2308 multo
1783 2251 2163 2329 usurpatur:
2212 2245 2275 2308 II
2307 2250 2542 2328 10,11:

273 2360 330 2417 et
374 2354 613 2417 multo
658 2351 865 2433 mayis
908 2347 1006 2412 his
1050 2349 1158 2433 qui
1202 2396 1217 2411 .
1254 2397 1267 2411 .
1301 2396 1315 2410 .
1349 2344 1373 2427 11
1406 2349 1508 2429 20,
1536 2345 1639 2409 ’34
1685 2353 1741 2411 et
1784 2350 2042 2412 multo
2100 2352 2305 2434 may-is
2364 2351 2544 2415 liber-

274 2464 482 2522 tatem.
585 2456 938 2519 Praeterea
981 2452 1216 2535 legitur
1262 2451 1330 2515 II
1379 2453 1482 2535 20,
1529 2451 1608 2514 31
1658 2452 1896 2536 lonye
1938 2455 2165 2538 mayis.

482 2564 540 2624 4.
628 2557 1020 2623 Adverbium
1060 2555 1362 2640 proprie3
1407 2553 1518 2635 (τ-
1549 2552 1747 2639 ‘vere',
1795 2553 2081 2641 ‘revera')
2128 2560 2193 2622 in
2238 2559 2409 2623 libris
2440 2560 2545 2623 III

276 2675 341 2730 et
383 2665 482 2729 IV
530 2663 808 2749 quodam
854 2660 1071 2726 studio
1117 2660 1268 2745 poni
1313 2660 1583 2737 videtur,
1630 2659 1737 2723 cfr.
1788 2660 1893 2725 III
1940 2664 2000 2746 2,
2034 2665 2112 2745 2,
2161 2664 2217 2739 2,
2266 2666 2335 2741 5,
2384 2664 2442 2741 2,
2475 2664 2543 2741 6,

277 2772 336 2851 6,
384 2773 454 2848 4,
510 2772 604 2851 14,
653 2770 722 2849 2,
769 2768 872 2847 24,
925 2768 988 2847 1,
1049 2765 1151 2846 27,
1198 2784 1292 2848 pr.
1344 2765 1400 2828 1.
1448 2766 1508 2827 3.
1557 2767 1632 2845 5,
1695 2762 1788 2825 IV
1834 2767 1892 2845 3,
1942 2767 2011 2843 13
2073 2768 2131 2847 6,
2183 2768 2255 2845 7,
2322 2768 2525 2847 15,1.

208 2881 218 2889 ’
273 2874 347 2937 In
395 2872 712 2957 prioribus
756 2870 930 2934 libris
975 2889 1104 2931 non
1149 2866 1341 2931 modo
1375 2888 1502 2931 non
1533 2867 1785 2951 legitur,
1836 2869 1945 2933 sed
1981 2889 2059 2934 ne
2094 2875 2542 2953 compensatur

274 2978 527 3062 quidem
589 2976 709 3040 alio
767 2972 1088 3039 adverbio,
1191 2970 1521 3035 Nonnulla
1579 2977 1799 3036 autem
1860 2995 1940 3037 ex
2003 2972 2322 3058 prioribus
2369 2972 2543 3035 libris

275 3082 563 3163 congessi
626 3078 951 3163 exempla,
1018 3077 1082 3138 in
1145 3075 1374 3163 quibus
1438 3096 1563 3159 quo
1626 3075 1768 3139 loco
1834 3074 2119 3140 futurum
2191 3076 2406 3158 fuisse,
2471 3082 2543 3139 ut

272 3184 638 3270 posterioris
696 3182 892 3268 partis
956 3179 1377 3264 compositor,
1438 3181 1490 3242 si
1544 3179 1655 3241 illa
1700 3180 2087 3265 scripsisset,
2140 3182 2403 3264 proprie
2449 3180 2544 3243 in-

275 3290 550 3353 culcaret
599 3287 971 3366 existimem,
1018 3284 1139 3347 hoc
1185 3282 1793 3367 signol—indicavi:

402 3425 433 3488 I
483 3426 583 3503 11,
622 3426 698 3486 10
736 3422 1019 3505 feminae
1062 3441 1298 3506 quoque
1639 3422 1743 3485 III
1789 3425 1907 3500 27,
1952 3444 2043 3507 pr.
2115 3421 2541 3506 obliyationes,

272 3527 341 3607 ,Ι-
399 3527 708 3609 adoptare
805 3544 930 3588 non
1010 3532 1296 3609 possunt,
1509 3545 1667 3608 quae
1727 3546 1854 3589 non
1892 3527 2239 3610 proprie
2297 3520 2545 3611 quidem

271 3632 422 3715 quia
467 3683 477 3694 .
514 3652 576 3711 .;
619 3630 729 3694 sed
773 3650 847 3693 ecc
899 3629 1298 3713 ind-ulqentia
1511 3650 1585 3693 ex
1654 3636 1984 3694 contractu
2049 3630 2229 3693 nasci
2306 3630 2542 3693 intelle-

481 3927 498 3960 ¹
537 3925 675 3976 Vide
724 3940 864 3992 quae
915 3923 981 3974 de
1030 3939 1095 3975 ea
1143 3939 1203 3974 re
1259 3924 1513 3990 exposuit
1555 3923 1833 3975 Woelfflin
1884 3924 1938 3974 in
1992 3924 2133 3975 libro
2175 3924 2541 3975 ‘Lateinische

273 4012 382 4066 und
419 4010 764 4063 romanische
800 4006 1210 4075 Komparation’
1249 4026 1373 4076 pag.
1400 4010 1466 4062 37
1507 4028 1628 4078 sqq.
1666 4014 1721 4061 et
1760 4026 1900 4077 quae
1942 4010 2077 4060 idem
2116 4026 2291 4075 nuper
2329 4008 2541 4061 addidit

271 4100 323 4150 in
363 4096 582 4149 ‘Archiv
620 4096 707 4147 fiir
745 4096 1070 4147 lateinische
1106 4096 1571 4162 Lexikographie’
1614 4098 1721 4147 vol.
1761 4096 1789 4147 1
1824 4112 1934 4162 pag
1971 4095 2041 4149 93
2076 4112 2193 4163 sqq.

476 4186 496 4220 ²
533 4183 708 4234 Semel
744 4182 822 4233 IV
861 4183 942 4243 11,
981 4200 1058 4249 pr.
1114 4182 1330 4235 multo
1383 4184 1562 4247 mayis
1617 4183 1882 4239 occurrit;
1944 4186 2025 4233 est
2080 4190 2260 4233 autem
2316 4199 2381 4233 ex
2436 4184 2541 4237 Gai

270 4272 394 4324 inst.
434 4270 513 4321 IV
549 4269 618 4322 90
652 4269 1000 4336 (multoque
1036 4272 1213 4334 mayis
1250 4269 1404 4320 debes
1442 4270 1715 4321 satisdare
1753 4269 1916 4331 mihi)
1954 4268 2351 4335 depromptum.

477 4356 497 4391 ⁸
532 4356 609 4408 IV
649 4354 697 4421 7,
733 4372 814 4422 pr.
853 4360 909 4406 et
946 4354 977 4407 7
1007 4358 1237 4423 proprie
1276 4354 1552 4422 significat
1590 4352 1999 4422 ‘singulariter’z
2057 4372 2183 4409 nam
2222 4360 2274 4408 si
2312 4356 2442 4423 quid
2478 4360 2540 4408 in

270 4446 357 4497 his
403 4445 702 4510 proprie
753 4441 1098 4504 observatur,
1134 4444 1434 4507 separatim
1489 4441 1822 4493 ostendimus
1848 4441 1868 4505 ΙΙ
1892 4442 2035 4493 illud
2064 4426 2370 4509 propr-ie
2425 4457 2543 4494 ser-

272 4535 431 4582 vatur
465 4532 527 4582 in
565 4542 747 4581 eorum
777 4542 1034 4593 persona,
1071 4529 1210 4595 quod
1247 4566 1258 4579 .
1289 4562 1300 4574 .
1329 4564 1342 4577 .

2270 4612 2333 4665 5·
