3150 5259
668 528 747 591 ιο
1730 524 1866 608 [60]

866 718 972 780 III
1026 722 1077 798 1,
1128 720 1204 780 14
1252 717 1741 800 specialiter
1802 720 1857 777 et
1920 713 2585 798 sinyillatimllss,
2640 719 2721 781 10
2782 717 2968 781 satis

664 822 1087 887 obscurum
1131 828 1313 905 atque
1356 820 1556 883 nube
1592 820 1926 903 plenum
1972 825 2027 882 et
2070 818 2425 904 undique
2467 816 2969 904 confusum„

665 928 764 1003 14,
811 928 850 989 3
897 926 1268 989 desidiae
1313 932 1496 1010 atque
1539 922 2169 1008 neqleyentiaess
2201 924 2301 988 IV
2356 927 2407 1002 1,
2457 927 2495 988 3
2534 923 2966 1007 perferre

663 1050 738 1092 ac
795 1029 1201 1112 deponere
1247 1030 1270 1107 ΙΙ
1323 1032 1378 1108 1,
1435 1030 1502 1091 11
1555 1027 1993 1091 consilium
2038 1027 2267 1091 dedit
2324 1034 2505 1113 atque
2548 1027 2963 1091 hortatus

661 1140 776 1196 est
819 1132 844 1215 ΙΙ
889 1136 962 1213 4,
1009 1132 1048 1192 8
1106 1131 1519 1213 pulsatum
1587 1128 2182 1195 verberatumve
2228 1128 2251 1213 ΙΙ
2299 1133 2374 1213 6,
2452 1133 2531 1194 23
2600 1130 2963 1199 hortatu

541 1320 546 1326 Ι
661 1237 1097 1301 consiliove
1127 1233 1153 1317 ΙΙ
1189 1238 1287 1315 15,
1335 1237 1374 1298 4
1413 1235 1889 1318 plerumque
1933 1241 1988 1298 et
2024 1234 2210 1316 fere
2255 1254 2585 1317 semper.

863 1358 922 1421 2.
1015 1357 1270 1430 Quanta
1316 1377 1468 1419 eura
1513 1355 1575 1417 in
1628 1354 2011 1419 oratione
2063 1354 2476 1419 varianda
2526 1355 2588 1417 in
2638 1355 2955 1419 omnibus

656 1461 831 1525 libris
891 1460 1099 1543 posita
1163 1461 1281 1542 sit,
1344 1480 1424 1524 ne
1487 1458 1712 1523 eadem
1770 1479 1899 1521 vox
1964 1458 2217 1543 saepius
2279 1458 2643 1540 afferretur,
2709 1478 2790 1522 ex
2842 1458 2957 1522 his

656 1566 812 1629 loeis
875 1564 1299 1648 intellegitur:
1376 1562 1407 1626 I
1479 1566 1536 1642 2,
1608 1565 1646 1626 2
1711 1571 1998 1646 qentes
2064 1562 2463 1627 humanae
2714 1565 2959 1627 omni

659 1669 1006 1732 humano
1067 1665 1478 1751 qenerill2
1597 1669 1675 1730 10
1744 1668 2178 1731 memoriae
2242 1666 2733 1729 mandarent
2791 1714 2807 1729 .
2863 1717 2878 1732 .
2937 1718 2955 1731 .

661 1766 2308 1855 custodirentss5,3quampromulqavimus
2338 1771 2563 1833 inter
2593 1776 2955 1834 nostras

661 1877 1125 1940 decisiones
1170 1925 1184 1941 .
1224 1926 1236 1940 .
1275 1927 1288 1940 .
1337 1896 1495 1959 quae
1538 1876 1765 1938 inter
1807 1875 2285 1956 imperiales
2345 1874 2634 1937 radiat
2692 1894 2951 1937 sanc-

660 1982 925 2043 tiones
957 1978 980 2062 ΙΙ
1020 1982 1118 2061 10,
1165 1980 1204 2041 3
1240 1984 1512 2062 potest
1715 1980 1914 2043 licet
1958 2027 1970 2040 .
2012 2028 2026 2043 .
2064 2028 2077 2043 .
2117 1978 2654 2060 permittitur
2685 1974 2709 2058 Η
2750 1979 2849 2057 10,
2904 1980 2945 2041 7

654 2083 1092 2167 prohibere
1140 2134 1153 2147 .
1188 2134 1248 2147 ..
1299 2082 1699 2165 impedire
1732 2081 1755 2164 ΙΙ
1789 2083 1949 2155 20,4
1978 2082 2208 2145 iussu
2246 2081 2679 2165 praesidis..
2715 2132 2728 2145 .
2764 2082 2871 2159 20,
2899 2083 2941 2144 5

656 2188 1034 2252 iussione
1074 2186 1396 2271 praesidis
1428 2184 1451 2269 ΙΙ
1484 2188 1587 2266 22,
1634 2189 1671 2249 3
1704 2184 2046 2267 finitur
2090 2186 2285 2249 tutela
2333 2234 2347 2248 .
2384 2232 2399 2247 .
2434 2232 2448 2247 .
2495 2186 2597 2266 22,
2646 2188 2685 2247 4
2731 2186 2944 2249 omnis

661 2294 858 2355 tutela
898 2291 1180 2373 peritll
1214 2293 1315 2369 25,
1350 2294 1387 2354 5
1432 2292 1955 2354 vacationem
2001 2336 2014 2350 .
2052 2338 2066 2353 .
2103 2337 2137 2369 .,
2184 2292 2222 2351 6
2268 2286 2942 2371 excusationemsj
2992 2302 3013 2323 ·

660 2393 730 2457 II
780 2400 836 2477 7,
885 2396 922 2457 3
968 2394 1424 2459 vocabatur
1472 2445 1485 2459 .
1523 2444 1536 2457 .
1572 2442 1586 2455 .
1634 2391 2248 2477 appellabatur,
2311 2392 2729 2476 cupientes
2788 2439 2801 2454 .
2852 2441 2867 2456 .
2918 2444 2934 2459 .

657 2497 1134 2581 studentesss
1171 2502 1268 2578 13,
1318 2501 1373 2562 6.
1426 2500 1457 2561 7
1501 2498 1986 2581 praeterire
2034 2547 2047 2561 .
2084 2548 2097 2562 .
2138 2548 2151 2562 .
2200 2498 2571 2559 omittere
2616 2493 2639 2575 ΙΙ
2691 2498 2790 2576 14,
2838 2518 2935 2579 pr.

658 2602 968 2668 licebat
1030 2653 1043 2667 .
1081 2654 1095 2669 .
1131 2653 1145 2667 .
1199 2603 1680 2685 permissum
1740 2608 1856 2665 est
1905 2601 2077 2681 1120,
2126 2603 2163 2664 9
2212 2600 2597 2663 detracto
2646 2647 2660 2663 .
2696 2650 2706 2663 .
2743 2650 2757 2663 .
2804 2598 2933 2663 de-

659 2708 897 2772 ducto
945 2706 968 2790 ΙΙ
1020 2710 1127 2785 14,
1183 2709 1251 2769 11
1322 2705 1605 2771 omnibus
1653 2705 2114 2789 parendum
2178 2711 2354 2769 est.
2393 2754 2406 2768 .
2442 2753 2457 2768 .
2506 2702 2749 2767 cuilibet
2794 2703 2929 2767 ob-

657 2818 1128 2895 temperare
1175 2812 1334 2875 satis
1378 2818 1484 2876 est.

860 2931 965 2995 III
1017 2934 1072 3009 1,
1120 2933 1200 2994 14
1260 2932 1771 3015 antiquitas,
1844 2932 1919 2993 15
1967 2936 2362 3011 vetustas,
2433 2931 2507 2991 16
2558 2930 2931 3014 antiqui-

657 3043 786 3100 tas
820 3035 1001 3117 113,4
1041 3036 1620 3118 pepererit...
1666 3036 1965 3098 enixae
2003 3034 2334 3116 fuerint
2365 3032 2389 3114 11
2427 3036 2581 3111 15,6
2614 3034 2672 3097 si
2700 3054 2773 3098 ea
2820 3035 2929 3097 ita

655 3161 810 3204 non
853 3145 1086 3204 sunt.
1121 3188 1135 3203 .
1171 3190 1185 3203 .
1219 3140 1275 3202 si
1306 3145 1510 3203 autem
1543 3141 1671 3202 ita
1716 3159 1795 3202 se
1838 3136 2128 3201 habent
2158 3137 2182 3219 ΙΙ
2221 3140 2319 3220 19,
2344 3140 2427 3201 20
2463 3137 2925 3219 stipulationem

653 3244 920 3308 valere
971 3293 1085 3309 ...
1132 3249 1346 3306 tenet
1377 3242 1673 3326 obliyatio
1709 3293 1722 3307 .
1758 3290 1771 3304 .
1807 3292 1820 3307 .
1858 3242 2186 3324 stipulatio
2214 3242 2430 3305 vires
2474 3239 2885 3304 habebit..
2914 3280 2929 3295 ·

653 3347 866 3411 valet
910 3347 1233 3430 stipulatio
1264 3350 1291 3425 Η
1322 3345 1420 3410 IV
1474 3352 1527 3429 1,
1581 3348 1655 3409 15
1707 3345 2197 3410 aestimationem
2243 3344 2560 3409 solvere
2606 3392 2619 3406 .
2655 3395 2669 3410 .
2708 3395 2721 3409 .
2770 3346 2835 3426 2,
2890 3348 2916 3408 1

657 3452 1149 3515 aestimationem
1205 3458 1657 3535 praestare
1689 3449 1711 3533 ΙΙ
1745 3454 1805 3532 4,
1854 3452 1891 3514 6
1939 3452 2103 3515 actio
2162 3450 2508 3515 dabitur
2556 3500 2569 3514 .
2608 3501 2621 3514 .
2658 3499 2673 3514 .
2728 3470 2925 3513 com-

648 3556 859 3639 petit
907 3556 1068 3619 actio
1103 3608 1117 3621 .
1151 3604 1164 3618 .
1201 3607 1214 3621 .
1251 3556 1761 3620 admittatur
1794 3556 1958 3619 actio
1991 3553 2015 3635 Η
2047 3558 2106 3635 4,
2136 3557 2214 3618 10
2237 3575 2447 3638 poena
2476 3553 2922 3637 imponitur

658 3707 673 3722 .
709 3710 722 3723 .
755 3706 770 3722 .
816 3679 1016 3741 poena
1060 3660 1535 3743 irroqatur.

862 3781 917 3842 3.
1008 3778 1508 3865 Nonnumquam
1556 3781 1867 3845 enuntiati
1912 3779 2269 3845 secundarii
2319 3777 2457 3862 (vel
2515 3780 2720 3864 potius
2784 3800 2924 3842 eon-

654 3883 1016 3948 struetionis
1075 3884 1432 3949 ‘accusativi
1499 3906 1641 3948 cum
1702 3882 2030 3949 infinitivo’
2088 3904 2252 3968 quae
2310 3882 2588 3967 dicitur),
2627 3882 2798 3969 quod
2844 3906 2925 3949 ex.

655 3986 852 4051 verbo
901 3987 1150 4052 dicendi
1198 3990 1300 4053 vel
1347 3989 1662 4053 sentiendi
1710 3988 1965 4073 pendet,
2013 3989 2403 4069 subiectum,
2464 3990 2519 4052 si
2563 3988 2919 4053 accusativo

657 4092 1046 4174 pronominis
1107 4092 1589 4159 demonstrativi
1656 4093 2061 4158 efficiendum
2123 4101 2297 4176 erat,
2348 4095 2453 4178 qui
2502 4115 2583 4157 ex
2631 4093 2719 4155 eis
2766 4114 2921 4176 quae

655 4193 1050 4277 praecedunt
1094 4195 1278 4259 facile
1326 4196 1753 4280 suppleretur,
1806 4197 2185 4262 omittitur.¹
2297 4223 2303 4230 ·

863 4492 878 4524 ¹
916 4492 943 4541 I
987 4492 1065 4556 ll,
1109 4491 1170 4543 12
1204 4491 1368 4557 Apud
1413 4490 1666 4543 Catonem
1704 4492 1831 4544 bene
1869 4495 2133 4559 scriptum
2188 4491 2363 4556 refert
2400 4494 2733 4557 antiquitas,
2781 4494 2918 4542 servi

653 4578 705 4629 si
740 4592 774 4627 a
810 4577 1023 4631 domino
1062 4578 1307 4645 adoptati
1343 4582 1473 4645 sint,
1513 4588 1575 4631 ese
1610 4580 1703 4632 hoc
1753 4583 1873 4649 ipso
1910 4594 2064 4646 posse
2118 4579 2349 4632 liberari
2386 4577 2746 4630 nominativus
2782 4579 2919 4632 servi
