3150 5259
1305 515 1412 598 [ss
1415 515 1442 599 J
2126 604 2133 621 ι
2451 516 2531 577 39

265 707 588 791 significat
635 706 897 770 verbum
941 709 1246 791 respicere
1292 707 1389 771 IV
1435 708 1494 788 4,
1542 711 1581 771 3
1631 707 1796 791 quod
1838 713 2053 790 aperte
2098 707 2185 771 ad
2230 712 2536 769 contume-

267 811 432 875 liam
477 812 714 876 domini
755 813 1125 895 respicit.

487 945 580 1005 15.
671 939 896 1005 Varias
943 942 1330 1007 circumferri
1392 942 1472 1007 de
1534 943 1759 1005 eadem
1805 964 1874 1006 re
1931 943 2277 1006 sententias
2324 948 2396 1005 ut
2440 943 2531 1005 in-

267 1044 530 1128 dicaret,
581 1045 773 1111 verbo
817 1047 1075 1109 variare
1121 1068 1270 1109 usus
1316 1054 1412 1110 est
1444 1067 1609 1109 unus
1655 1046 1880 1129 prioris
1915 1046 2108 1130 partis
2144 1046 2530 1129 compositor

269 1148 309 1211 I
360 1150 438 1212 10
497 1171 589 1234 pr.
648 1170 899 1234 cumque
957 1170 1145 1233 super
1169 1150 1316 1233 filio
1360 1150 1889 1230 variabatur,
1951 1155 2171 1214 nostra
2228 1151 2531 1232 processit

269 1252 501 1317 decisio
547 1252 863 1340 (Theoph.
911 1253 1116 1338 ἐπειδή
1174 1248 1284 1317 οὖν
1337 1257 1558 1318 πολλαὶ·
1611 1257 1743 1336 περὶ
1808 1252 2037 1318 τούτων
2095 1260 2218 1318 τῶν
2277 1250 2534 1333 voprem&

267 1354 627 1442 ἀμφιβολίαι
662 1357 980 1440 γεγόνασι),
1030 1359 1222 1423 verbo
1259 1358 1548 1423 dubitare
1579 1380 1741 1423 unus
1774 1359 2196 1442 posteriorum
2228 1357 2530 1421 librorum

274 1461 695 1546 compositor:
746 1461 848 1526 III
896 1464 1000 1543 24,
1048 1465 1086 1527 3
1131 1463 1238 1527 sed
1286 1464 1432 1528 talis
1479 1469 1840 1527 contractus
1897 1464 2049 1546 quia
2096 1464 2259 1526 inter
2303 1468 2531 1525 veteres

273 1564 820 1629 dubitabatur
865 1572 921 1629 et
967 1587 1006 1628 a
1055 1566 1424 1650 quibusdam
1467 1568 1713 1647 locati0,
1760 1587 1801 1630 a
1847 1565 2217 1651 quibusdam
2262 1566 2531 1629 venditio

268 1669 765 1752 existimabatur,
825 1670 924 1734 lex
983 1670 1351 1735 Zenoniana
1412 1671 1550 1735 lata
1613 1677 1700 1733 est
1738 1670 1747 1751 Ι
1788 1673 1888 1752 28,
1954 1674 1991 1734 3
2056 1670 2164 1734 sed
2225 1671 2282 1733 si
2341 1670 2533 1733 unius

275 1774 511 1838 domini
532 1776 708 1838 iussu
732 1794 947 1839 servus
972 1774 1174 1853 fuerit
1203 1775 1561 1857 stipulatus,
1594 1776 1733 1839 licet
1756 1781 1943 1839 antea
1974 1776 2074 1838 du
2090 1774 2199 1837 bit
2216 1774 2305 1838 ab
2322 1780 2459 1837 atu
2476 1794 2531 1851 r,

274 1884 484 1943 tamen
519 1885 666 1961 post
711 1884 996 1942 nostram
1042 1879 1409 1943 decisionem
1455 1898 1555 1943 res
1602 1878 1886 1962 eaepedita
1930 1885 2037 1943 est.

1313 2186 1346 2272 g
1399 2192 1493 2254 13.

481 2398 797 2473 Quoniam
851 2398 1111 2482 singulis
1171 2398 1595 2463 locutionibus
1658 2397 2031 2461 examinatis
2077 2396 2531 2460 demonstravi-

277 2525 415 2567 mus
459 2503 655 2567 libros
701 2502 736 2565 I
785 2510 849 2566 et
892 2502 961 2565 II
1008 2502 1116 2565 vix
1159 2522 1351 2586 posse
1395 2501 1476 2565 ab
1526 2500 1750 2565 eodem
1796 2502 2101 2585 scriptore
2148 2501 2531 2586 compositos

277 2628 418 2670 esse
461 2612 651 2691 atque
696 2604 889 2670 libros
936 2604 1041 2669 III
1087 2610 1151 2670 et
1192 2603 1309 2686 IV,
1371 2624 1539 2669 nunc
1585 2604 1949 2685 videamus,
2003 2626 2153 2669 num
2198 2604 2530 2669 universus

280 2710 582 2775 orationis
628 2709 803 2774 color
845 2709 1012 2773 idem
1060 2709 1306 2774 doceat.

483 2813 698 2898 Atque
757 2812 892 2898 ipse
937 2813 1248 2878 Huschke
1312 2820 1481 2878 recte
1528 2813 1774 2878 monuit
1822 2813 2259 2897 exemplisque
2306 2812 2530 2877 confir-

276 2917 472 2982 mavit
515 2916 746 3001 (praef.
792 2938 937 3003 pag.
983 2916 1152 2981 VIII
1196 2915 1375 3003 sqq):

485 3048 540 3111 1.
610 3048 850 3111 maiore
897 3047 1297 3134 simplicitate
1343 3069 1419 3112 ac
1462 3048 1916 3132 perspicuitate
1964 3052 2147 3111 u'sum
2197 3066 2335 3110 esse
2369 3066 2528 3124 eum,

275 3150 383 3235 qui
427 3151 812 3236 posteriores
858 3152 1050 3216 libros
1091 3153 1572 3237 composuisset,
1606 3172 1796 3237 quam
1834 3152 2053 3237 prioris
2098 3152 2293 3233 partis
2340 3150 2532 3233 scrip-

275 3261 514 3337 torem3

481 3388 539 3451 2.
599 3386 878 3467 priorem
924 3386 1130 3451 solum
1177 3385 1433 3451 tumidis
1479 3385 1690 3451 verbis
1737 3384 1815 3452 de
1876 3408 1945 3450 se
1990 3386 2251 3470 suisque
2294 3382 2531 3447 meritis

276 3488 488 3554 facere
532 3490 975 3573 imperatorem
1020 3489 1526 3574 praedicantem3

481 3620 540 3684 8.
615 3619 682 3683 in
729 3624 1002 3706 utraque
1064 3618 1544 3685 Institutionum
1603 3627 1787 3705 parte
1835 3621 2105 3684 lectores
2154 3637 2373 3682 eorum
2420 3617 2529 3681 ad-

273 3724 535 3803 moneri,
583 3743 748 3807 quae
793 3723 942 3786 alibi
989 3722 1158 3788 dicta
1202 3724 1304 3788 vel
1351 3722 1619 3789 dicenda
1663 3730 1908 3803 essent3
1956 3722 2067 3786 sed
2114 3723 2274 3787 haec
2320 3721 2530 3785 omnia

274 3832 564 3910 spectare
613 3826 781 3889 dicta
827 3823 1172 3891 dicendave
1204 3827 1308 3893 vel
1338 3828 1502 3892 intra
1532 3828 1706 3911 ipsos
1736 3828 1979 3911 priores
2014 3826 2112 3889 vel
2148 3826 2313 3890 intra
2355 3826 2528 3909 ipsos

271 3931 659 4016 posteriores
705 3931 920 3996 libros.
990 3932 1091 3995 Ad
1139 3932 1300 4016 quae
1344 3933 1482 4016 ipse
1515 3933 1637 3997 hoc
1667 3934 1879 3998 statim
1926 3931 2188 3996 addam:
2233 3931 2429 3995 Libro
2462 3929 2531 3993 II

271 4035 534 4099 ineunte
597 4034 877 4100 breviter
933 4036 1277 4121 repetitur,
1340 4056 1466 4121 qua
1529 4036 1611 4101 de
1654 4058 1722 4100 re
1776 4037 1840 4099 in
1886 4036 2047 4100 libro
2094 4035 2128 4098 I
2174 4041 2382 4099 actum
2429 4036 2528 4100 sit.

273 4138 454 4203 Idem
497 4139 569 4202 fit
609 4138 876 4204 ineunte
921 4140 1080 4205 libro
1114 4139 1229 4218 IV,
1276 4141 1384 4205 ubi
1410 4141 1746 4225 respicitur
1769 4145 2209 4224 argumentum
2236 4138 2377 4202 libri
2408 4138 2529 4202 ΙΙΙ.

273 4241 550 4306 Ineunte
595 4247 809 4306 autem
845 4244 1015 4313 ,libro
1049 4243 1152 4307 111
1197 4244 1352 4308 nihil
1406 4243 1605 4307 simile
1646 4244 1898 4327 legitur.
1988 4243 2249 4328 Itaque,
2312 4262 2531 4328 quam-

276 4365 464 4429 quam
511 4346 702 4409 etiam
753 4347 868 4411 Gai
901 4346 1378 4414 Institutionum
1425 4348 1911 4413 commentarius
1957 4348 2179 4413 tertius
2222 4348 2354 4411 sine
2403 4348 2533 4412 ulla

274 4447 595 4514 mentione
641 4470 878 4528 eorum,
923 4471 1088 4535 quae
1133 4456 1320 4515 antea
1350 4458 1621 4517 tractata
1661 4458 1861 4530 erant,
1905 4451 2216 4535 incepisse
2260 4449 2531 4529 videtur,

271 4553 403 4616 veri
449 4572 576 4617 non
619 4550 922 4618 dissimile
969 4562 1096 4637 est,
1160 4576 1282 4642 quo
1338 4564 1620 4641 tempore
1674 4556 2010 4621 Iustiniani
2055 4554 2529 4619 Institutionum
