3150 5259
1320 512 1457 599 [63]
2440 518 2519 582 13

245 709 683 775 stitutionibus
758 707 1002 774 Codicis
1075 706 1412 773 Iustiniani
1484 705 1785 790 redeant,
1859 728 2023 792 quae
2092 709 2321 774 eodem
2384 708 2519 774 fere

246 834 373 899 quo
419 814 860 880 Institutiones
919 818 1206 895 tempore
1269 810 1663 894 compositae
1720 819 1891 892 sunt,
1940 812 2167 877 eodem
2222 815 2361 878 iure
2406 812 2522 876 has

248 937 506 1003 quoque
553 917 761 983 eidem
792 918 910 1001 qui·
931 915 1414 980 Institutionum
1442 914 1639 979 libros
1679 914 2064 983 confecisset
2109 917 2519 1003 compositori

243 1022 593 1087 'attribuere
636 1023 878 1088 liceret.
943 1019 1130 1094 Quod
1179 1041 1305 1084 non
1353 1019 1490 1083 fieri
1522 1042 1709 1105 posse
1742 1042 1930 1086 nemo
1964 1030 2059 1086 est
2092 1023 2243 1107 quin
2275 1022 2515 1086 videat.

247 1122 452 1190 Immo
499 1128 588 1189 sic
631 1124 1036 1190 iudicandum
1079 1124 1356 1187 videtur:
1403 1122 1755 1209 Utriusque
1799 1118 2281 1191 Institutionum
2321 1126 2520 1209 partis

247 1250 434 1293 usum
477 1228 781 1315 loquendi
825 1247 1017 1312 saepe
1076 1247 1191 1311 per
1257 1245 1477 1293 omnes
1526 1226 1723 1291 libros
1787 1228 2057 1292 eundem
2108 1250 2251 1294 esse
2302 1249 2525 1292 conce-

249 1332 529 1398 dendum
575 1342 689 1399 est.
783 1332 967 1407 Quae
1013 1331 1222 1415 portio
1271 1365 1353 1377 —-
1400 1338 1498 1395 est
1559 1339 1778 1396 autem
1824 1332 2026 1397 maior
2070 1370 2152 1383 --—
2200 1333 2348 1418 quia
2394 1353 2525 1397 non

249 1437 504 1504 diversa
548 1445 645 1502 est
689 1456 728 1500 a
773 1434 1093 1501 communi
1139 1455 1260 1498 usu
1307 1434 1644 1518 scribendi,
1672 1456 1859 1520 quem
1908 1436 2281 1500 familiarem
2322 1435 2525 1500 fuisse

243 1541 412 1605 illius
455 1540 759 1625 temporis
816 1537 1263 1603 iureconsultis
1327 1558 1439 1603 eae
1481 1539 1969 1604 constitutiones
2015 1546 2211 1605 testes
2276 1545 2518 1618 extant,

249 1665 416 1729 quae
476 1644 924 1727 promulgatae
981 1648 1128 1706 sunt
1190 1641 1542 1706 Iustiniano
1603 1642 2018 1728 imperatore,
2085 1648 2522 1727 repraesentat

249 1753 576 1832 tamquam
645 1766 722 1810 ea
782 1764 948 1829 quae
1009 1749 1277 1828 uterque
1335 1746 1720 1829 compositor
1780 1746 2049 1830 tempori
2111 1767 2226 1811 suo
2291 1745 2518 1824 debet3

249 1870 416 1935 quae
462 1856 681 1916 autem
727 1854 926 1915 restat
969 1850 1177 1912 minor
1220 1848 1464 1932 portio,
1523 1849 1588 1913 in
1636 1871 1763 1934 qua
1811 1849 1970 1915 alter
2025 1850 2106 1914 ab
2152 1849 2353 1913 altero
2401 1848 2523 1913 dis-

247 1954 459 2035 sentit,
510 1975 584 2017 ea
637 1952 918 2018 continet
963 1973 1126 2037 quae
1173 1952 1504 2036 utriusque
1548 1953 1807 2036 propria
1852 1959 2019 2018 sunt.

457 2055 643 2120 Nunc
700 2055 952 2141 singula
1009 2076 1154 2121 cum
1213 2055 1477 2139 singulis
1540 2076 2008 2141 comparemus,
2069 2062 2140 2120 ut
2193 2063 2521 2141 appareat,

251 2182 416 2245 quae
463 2160 819 2225 differentia
879 2160 1236 2225 intercedat
1293 2160 1458 2225 inter
1515 2160 1823 2225 librorum
1868 2161 1941 2225 I.
1968 2160 2039 2225 II
2100 2168 2164 2225 et
2216 2161 2519 2225 librorum

253 2262 515 2329 111.1V
559 2286 748 2330 usum
794 2262 1120 2350 loquendi.

1317 2478 1460 2562 §5.

1099 2592 1673 2658 substantiva.

459 2785 514 2847 1.
601 2782 942 2847 Arbitratu
985 2781 1055 2845 II
1105 2784 1201 2863 18,
1250 2784 1319 2845 3:
1379 2783 1519 2847 licet
1575 2801 1705 2846 uon
1744 2782 1961 2865 fuerit
2016 2783 2328 2848 adiectum
2379 2781 2522 2847 boni

248 2888 373 2951 viri
419 2907 459 2950 a
478 2885 851 2950 rbitratu
895 2886 1105 2950 debere
1135 2906 1270 2949 eam
1301 2887 1535 2969 repleri
1563 2887 1703 2963 (cfr.
1744 2886 2113 2969 arbitratus,
2158 2886 2519 2951 arbitratur

249 2992 320 3056 II
371 2994 473 3072 15,
520 2987 613 3073 4).
683 2988 1083 3074 Quamquam
1126 2988 1270 3053 boni
1311 2990 1437 3053 viri
1481 2989 1805 3054 arbitratu
1848 2997 2174 3074 tamquam
2230 2990 2524 3055 sollemni

249 3115 427 3159 more
474 3093 715 3158 dictum
759 3091 1011 3157 videtur
1056 3115 1219 3159 esse.

458 3196 728 3261 arbitrio
772 3196 879 3260 III
927 3198 1026 3279 15,
1074 3198 1152 3261 2:
1197 3202 1364 3261 totus
1409 3196 1541 3261 dies
1586 3197 1944 3262 arbitrio
1989 3197 2277 3261 solventis
2326 3196 2526 3261 tribui

249 3302 418 3368 debet
449 3300 474 3384 Η
506 3303 611 3381 24,
664 3304 727 3365 1:
775 3302 832 3364 si
875 3300 1079 3365 alieno
1123 3300 1483 3365 arbitrio
1521 3302 1802 3383 pretium
1840 3301 2218 3383 permissum
2245 3296 2509 3385 fueriti}

249 3406 473 3473 eadem
525 3404 592 3486 §z
635 3405 695 3467 si
737 3404 942 3468 alieno
985 3403 1360 3468 arbitrio
1419 3424 1651 3468 merces
1689 3405 2005 3486 permissa
2033 3403 2271 3487 fuerit.

458 3510 518 3573 2.
604 3507 958 3572 Atrocitate
1013 3507 1048 3571 I
1114 3511 1186 3572 16
1207 3558 1227 3591 ,
1299 3511 1370 3571 1:
1450 3508 1560 3593 qui
1623 3508 1786 3571 servi
1851 3526 2089 3589 poenae
2150 3506 2521 3591 efficiuntur

251 3613 700 3678 atrocitate
785 3613 1120 3675 sententiae
1209 3609 1337 3694 (διά
1412 3608 1502 3675 τό
1576 3608 1833 3693 τραχὺ
1922 3616 2035 3693 τῆς
2108 3609 2239 3673 κατ’
2315 3608 2524 3673 αὕτῶν

249 3714 669 3800 ἐξενεχθείσης
713 3711 1048 3798 ἆποφάσεω
1060 3712 1139 3798 ς).

452 3819 529 3883 In
574 3818 750 3883 libris
798 3817 903 3881 III
947 3825 1010 3882 et
1056 3816 1153 3881 IV
1200 3825 1412 3885 autem
1458 3818 1730 3902 legitur:
1794 3818 1901 3883 III
1947 3820 2007 3899 2,
2055 3819 2135 3880 3·
2180 3818 2519 3899 paullatim

248 3922 783 4006 asperitatem
835 3922 1000 3985 iuris
1064 3922 1265 3987 civilis
1324 3923 1709 4006 corriyentes
1766 3916 1908 4002 (τήν
1965 3916 2086 3985 ὑπὸ
2142 3925 2265 3983 τῶν
2311 3924 2524 4006 σοφῶν

249 4026 699 4108 εἶσενεχθεῖσαν
761 4021 1254 4108 τραχύτητα)
1301 4024 1326 4107 ΙΙ
1371 4022 1471 4089 IV
1533 4028 1609 4106 8,
1659 4028 1692 4089 7
1766 4024 2126 4088 huiusmodi
2188 4027 2522 4107 asperi-

249 4135 492 4192 tatem
522 4175 536 4190 .
563 4175 578 4191 .
604 4173 621 4190 .
644 4126 1063 4211 respuendam
1091 4148 1216 4193 esse
1237 4125 1385 4210 (τὴν
1405 4126 1689 4209 τοιαύτην
1713 4124 1956 4208 ἐξέβαλε
1999 4152 2085 4209 τρ
2102 4154 2142 4190 α
2154 4154 2200 4209 χ
2216 4125 2304 4191 ύτ
2322 4152 2363 4211 η
2382 4127 2520 4209 τα).

457 4229 512 4297 3.
588 4228 964 4295 Facultates
1010 4230 1124 4312 (=
1167 4252 1269 4297 res
1314 4232 1644 4297 familiaris
1704 4232 1839 4296 sive
1883 4229 2360 4316 patrimonium)
2422 4231 2522 4295 IV

255 4335 356 4417 14,
402 4336 442 4397 4
477 4334 1040 4416 facultatibus
1083 4338 1301 4419 lapsus
1348 4388 1362 4402 .
1400 4387 1414 4402 .
1451 4387 1466 4402 .
1513 4336 1770 4403 debitor.
1853 4336 2204 4400 Praeterea·
2222 4336 2522 4420 facultas

252 4436 368 4522 (==
411 4442 726 4522 potestas)
769 4439 1006 4523 legitur
1051 4438 1160 4504 III
1201 4440 1262 4523 8,
1308 4442 1385 4505 2:
1431 4441 1629 4504 datur
1672 4446 1879 4504 autem
1922 4439 2073 4504 haec
2118 4438 2516 4521 adsiqnaudi

244 4541 628 4624 facultas
672 4544 746 4625 ei,
788 4545 897 4628 qui
944 4594 958 4609 .
993 4594 1007 4609 .
1042 4592 1077 4621 .,
1121 4551 1192 4607 ut
1239 4594 1254 4609 .
1291 4594 1305 4608 .
1341 4594 1355 4609 .
1402 4546 1458 4607 ei
1503 4591 1518 4608 .
1552 4592 1567 4607 .
1601 4591 1617 4607 .
1663 4543 1866 4607 liceat.
