3150 5259
1298 532 1432 619 [61]
2420 544 2492 605 11

441 730 511 794 H
541 732 642 810 23,
669 731 706 792 9
751 748 958 792 secum
988 727 1332 793 deliberare
1362 726 1530 791 debet
1560 728 1619 792 is
1651 729 1755 793 cui
1780 729 2139 793 restituitur
2158 729 2492 812 hereditas,

233 856 324 898 an
381 833 671 917 expediat
728 831 848 897 sibi
902 831 911 915 Ι
950 832 1200 896 restitui
1242 831 1266 910 ΙΙ
1313 829 1416 894 III
1477 832 1550 913 8,
1614 834 1653 895 2
1712 831 2127 916 quaerebatur
2180 883 2194 896 .
2229 882 2243 897 .
2280 886 2293 899 .
2353 856 2502 899 num

231 943 561 1001 evanescat
605 936 1020 1022 adsiqnatio?
1063 936 1172 999 sed
1206 935 1459 1018 placuit
1511 941 1520 1013 Ι
1575 955 1934 999 evanescere
1966 934 1989 1018 ΙΙ
2030 939 2126 1017 14,
2173 940 2212 1000 4
2255 939 2505 1023 placuit

232 1042 547 1124 sufficere,
591 1039 755 1125 quod
787 1036 1075 1121 (aliquis)
1109 1038 1500 1122 diliqentiam
1535 1037 1853 1103 adhiberet
1867 1060 1893 1120 ,·
1936 1060 2125 1123 quam
2154 1040 2212 1103 si
2236 1042 2505 1123 praesti-

234 1146 381 1208 terit
425 1150 482 1208 et
527 1194 542 1209 .
577 1190 592 1206 .
626 1194 640 1209 .
691 1163 822 1206 rem
864 1142 1163 1222 amiserit,
1231 1145 1241 1219 Ι
1311 1160 1600 1205 securum
1646 1162 1772 1205 esse
1802 1139 1826 1223 ΙΙ
1862 1141 1956 1204 IV
2003 1144 2061 1221 6,
2110 1145 2191 1207 29
2238 1146 2499 1207 tacitam

231 1249 293 1312 ei
335 1248 618 1312 dedimus
677 1245 1081 1329 hypothecam
1094 1265 1120 1326 ,·
1157 1244 1166 1328 Ι
1217 1245 1550 1327 praeferri
1605 1251 1814 1309 autem
1874 1246 2023 1310 aliis
2088 1246 2499 1311 creditoribus

233 1358 386 1416 tunc
431 1350 800 1431 censuimus,
850 1370 989 1413 cum
1035 1398 1048 1413 .
1083 1398 1098 1413 .
1133 1399 1146 1413 .

443 1458 504 1519 4.
594 1454 799 1539 Saepe
846 1454 1060 1539 plures
1107 1451 1572 1516 enuntiationes
1621 1451 1945 1534 relativae,
1994 1472 2155 1536 quae
2204 1453 2285 1516 ad
2330 1454 2499 1519 idem

232 1558 700 1623 substantivum
764 1558 825 1622 in
887 1558 1216 1621 enuntiato
1278 1556 1572 1641 primario
1631 1557 1905 1639 positum
1970 1558 2326 1641 pertinent,
2391 1578 2505 1642 per

234 1660 592 1747 asyndeton
655 1667 1153 1745 componuntur:
1219 1659 1249 1723 Ι
1310 1662 1382 1742 2,
1431 1661 1469 1721 8
1515 1666 1586 1723 ut
1631 1666 1827 1724 essent
1871 1660 2009 1744 qui
2054 1662 2206 1725 iura
2246 1660 2503 1745 publica

229 1767 832 1849 interpretarentur,
887 1763 1128 1849 quibu
1145 1784 1175 1827 s
1223 1784 1264 1826 a
1324 1761 1592 1827 Caesare
1648 1764 1750 1825 ius
1806 1763 2225 1846 respondendi
2285 1765 2503 1828 datum

237 1876 348 1952 est,
404 1870 545 1954 qui
601 1869 1042 1933 iurisconsulti
1097 1865 1661 1951 appellantur-1111
1712 1869 1765 1937 1.
1816 1869 1897 1929 40
1944 1874 2247 1933 vocantur
2300 1876 2507 1933 autem

235 1973 658 2056 stipendiaria
703 1979 759 2036 et
820 1971 1164 2035 tributaria
1214 1971 1525 2054 praedia,
1585 1991 1676 2054 qu
1693 1991 1779 2036 ae
1823 1971 1893 2035 in
1951 1973 2293 2053 provinciis
2338 1981 2503 2057 sunt,

233 2080 401 2142 inter
453 2096 651 2161 quae
711 2096 821 2139 nec
886 2096 1013 2140 non
1069 2074 1311 2139 Italica
1367 2073 1639 2157 praedia
1702 2074 1881 2137 nulla
1946 2075 2305 2158 differentia
2367 2084 2456 2141 est
2484 2075 2502 2162 ΙΙ

236 2181 384 2245 Alia
447 2179 742 2264 exempla
804 2178 997 2243 habes
1053 2178 1121 2242 II
1168 2182 1234 2258 7,
1281 2179 1350 2255 2,
1418 2182 1475 2260 7,
1525 2180 1597 2254 3,
1665 2179 1724 2260 8,
1773 2180 1846 2255 1,
1905 2181 1965 2261 8,
2012 2182 2071 2244 2.
2366 2252 2372 2259 ‚

443 2282 550 2348 ΙΙΙ
595 2284 654 2363 6,
704 2284 780 2346 12
812 2284 1080 2366 exceptis
1106 2282 1338 2366 fratre
1380 2288 1437 2345 et
1477 2300 1691 2346 sorore
1728 2283 2161 2365 emancipatis,
2207 2285 2345 2367 qui
2389 2331 2403 2345 .
2438 2334 2453 2349 .
2487 2332 2501 2346 .

234 2393 572 2468 vocantur,
631 2388 766 2472 qui
808 2388 923 2449 etsi
970 2387 1174 2469 capite
1230 2385 1532 2449 deminuti
1577 2392 1725 2449 sunt
1770 2392 1975 2451 tamen
2013 2385 2501 2468 praeferuntur.

237 2492 386 2555 Alia
432 2489 728 2574 exempla
757 2495 978 2553 extant
1023 2488 1128 2553 III
1178 2491 1277 2567 11,
1312 2490 1376 2570 7,
1427 2490 1526 2570 13,
1582 2493 1649 2571 1,
1702 2492 1797 2571 19,
1852 2492 1919 2563 1,
1972 2493 2069 2571 19,
2129 2493 2233 2571 12,
2281 2493 2383 2573 29,
2433 2494 2497 2571 2,

240 2595 337 2659 IV
380 2599 441 2677 4,
488 2616 612 2680 ΡΒ,
659 2595 716 2674 6,
763 2594 822 2658 3.

449 2700 508 2763 5.
599 2695 748 2760 Non
776 2716 920 2759 raro
966 2694 1075 2759 ubi
1121 2696 1434 2779 particula
1475 2696 1532 2758 si
1578 2695 1861 2779 praefixa
1896 2702 1991 2761 est
2031 2696 2281 2762 duobus
2313 2719 2508 2762 enun-

237 2801 424 2879 fiatis,
488 2821 654 2885 quae
715 2799 1153 2864 coniunctione
1214 2805 1271 2862 et
1329 2797 1433 2862 vel
1477 2797 1778 2862 similibus
1824 2798 1987 2862 inter
2048 2822 2119 2864 se
2165 2802 2505 2866 coniuncta

235 2913 404 2988 sunt,
451 2904 718 2969 verbum
764 2903 990 2987 prioris
1035 2902 1342 2966 enuntiati
1387 2902 1857 2967 subiunctivum
1906 2903 2193 2987 modum,
2243 2906 2504 2970 alterius

232 3007 642 3073 indicativum
689 3007 978 3092 praebet,
1026 3007 1124 3069 vel
1170 3007 1373 3070 rarius
1421 3014 1679 3071 contra:

441 3110 511 3196 a)
557 3111 590 3174 I
636 3114 738 3194 23,
786 3114 823 3175 5
870 3113 929 3176 si
970 3110 1232 3175 idoneus
1289 3131 1415 3175 non
1471 3112 1585 3175 sit
1630 3160 1646 3175 .
1681 3161 1695 3176 .
1732 3160 1747 3174 .
1794 3131 1906 3175 nec
1971 3117 2179 3175 tamen
2214 3112 2501 3194 fraudu-

235 3218 430 3280 lenter
486 3215 735 3298 neyotia
797 3214 1239 3278 administrat
1280 3213 1303 3292 11
1356 3211 1423 3276 II
1473 3216 1571 3295 11,
1621 3216 1658 3277 5
1705 3215 1763 3277 si
1807 3214 1996 3277 datus
2022 3214 2288 3298 fuerit
2332 3218 2504 3281 miles

233 3320 327 3383 vel
347 3319 537 3401 filius
584 3368 599 3383 .
633 3365 647 3380 .
679 3366 696 3383 .
741 3319 1174 3400 emancipatus
1219 3322 1338 3381 est
1367 3320 1394 3392 i!
1437 3317 1527 3397 18,
1575 3319 1615 3379 5
1660 3318 1717 3379 si
1761 3319 2006 3400 eqerit
2063 3325 2119 3381 et
2162 3326 2503 3402 superatus

233 3429 352 3486 est
383 3421 408 3503 ΙΙ
439 3421 544 3485 ΠΙ
594 3426 648 3500 1,
676 3424 710 3485 7
757 3423 816 3485 si
862 3472 876 3487 .
912 3471 926 3485 .
960 3471 974 3485 .
1021 3420 1433 3485 exheredatus
1456 3419 1718 3501 fuerit
1762 3427 1818 3485 et
1866 3472 1879 3486 .
1915 3472 1929 3485 .
1967 3471 1981 3485 .
2012 3422 2339 3485 institutus
2379 3430 2497 3487 est

229 3522 248 3610 ΙΙ
277 3528 381 3607 25,
426 3528 463 3589 6
510 3527 567 3590 si
613 3570 626 3584 .
663 3579 673 3590 .
708 3573 723 3589 .
771 3531 1098 3589 contracta
1144 3525 1408 3588 societas
1448 3525 1559 3586 sit
1604 3530 1660 3586 et
1684 3524 1847 3605 finis
1879 3527 2123 3609 neyotio
2167 3528 2499 3609 impositus

235 3636 348 3693 est
379 3630 404 3710 ΙΙ
438 3628 537 3692 IV
585 3630 684 3708 13,
721 3630 760 3691 2
804 3630 860 3691 si
901 3630 1038 3712 quis
1088 3678 1101 3692 .
1135 3676 1150 3692 .
1187 3680 1200 3693 .
1244 3630 1582 3714 pecuniam
1622 3629 1963 3710 stipulatus
2005 3628 2087 3708 fu
2106 3630 2259 3693 erit
2304 3650 2493 3715 neq-ue

231 3734 615 3797 numeravit
647 3730 670 3815 ΙΙ
703 3736 763 3812 6,
803 3733 843 3794 4
887 3733 946 3795 si
986 3732 1086 3794 res'
1137 3731 1374 3795 tradita
1421 3730 1688 3819 fuerit
1736 3778 1749 3791 .
1784 3779 1799 3794 .
1835 3781 1850 3797 .
1897 3732 2159 3797 necdum
2205 3733 2337 3797 eius
2402 3736 2496 3798 rei

238 3837 526 3901 dominus
570 3836 819 3919 effectus
864 3855 895 3898 e
911 3841 1005 3900 st.

443 3938 510 4021 b)
556 3939 625 4003 II
657 3941 758 4020 23,
797 3940 874 4002 12
903 3939 962 4001 si
1006 3987 1021 4002 .
1055 3986 1070 4001 .
1107 3990 1120 4004 .
1170 3940 1499 4003 commisit
1534 3989 1548 4003 .
1579 3990 1594 4005 .
1628 3946 1683 4002 et
1713 3959 1811 4002 res
1832 3958 1985 4023 poss
2005 3940 2067 4003 it
2096 3942 2503 4025 manifestari

234 4040 253 4127 ΙΙ
280 4042 386 4106 III
414 4045 516 4124 29,
548 4046 586 4106 4
630 4045 690 4105 si
734 4088 748 4103 .
781 4090 796 4106 .
834 4091 849 4107 .
896 4044 1062 4129 inter
1103 4062 1168 4106 se
1214 4051 1681 4107 consenserunt
1728 4090 1741 4104 .
1778 4094 1791 4108 .
1826 4092 1839 4105 .
1889 4044 2109 4108 deinde
2135 4046 2502 4128 placuerit

239 4148 404 4209 inter
448 4166 564 4213 eoS.

235 4407 562 4459 attractione
601 4404 856 4472 quadam,
893 4410 952 4456 ut
990 4406 1155 4456 verbo
1196 4422 1382 4472 parum
1422 4406 1619 4457 Latino
1673 4411 1813 4471 utar,
1865 4424 1931 4458 ox
1969 4406 2295 4459 secundario
2336 4422 2501 4459 enun-

239 4494 373 4546 tiato
423 4498 662 4555 (servos
698 4530 711 4545 .
739 4532 750 4544 .
779 4529 792 4543 .
840 4508 909 4544 ex
956 4494 1050 4543 hoc
1084 4497 1204 4559 ipso
1235 4509 1396 4559 posse
1432 4492 1691 4555 liberari)
1743 4494 1795 4544 in
1836 4495 2267 4547 enuntiationem
2310 4496 2502 4546 condi-

243 4581 514 4633 cionalem
551 4579 798 4631 adscitus
835 4584 934 4631 est.
