3150 5259
1285 500 1426 587 [79]
2402 498 2485 563 29

526 698 622 763 Ao
663 718 739 761 ue
783 725 868 749 --—-
910 692 1000 760 ‘ae
1059 715 1140 760 ne
1186 742 1247 759 ..
1284 745 1297 759 .
1345 687 1619 777 quidem'
1686 690 1747 753 in
1816 711 1939 754 usu
2004 708 2133 751 non
2205 692 2304 752 est
2366 686 2486 751 nisi

527 801 632 866 III
681 804 790 877 19,
837 804 876 863 2
947 820 1036 864 ao
1101 820 1195 863 ue
1261 799 1476 862 statim
1545 794 1622 858 ab
1688 796 1869 858 initio
1936 793 2085 857 talis
2152 790 2481 875 stipulatio

527 904 750 969 valebit
777 903 804 985 11
842 907 938 983 19,
991 906 1070 966 13
1113 924 1200 966 ao
1243 920 1331 965 ne
1375 902 1433 963 is
1479 899 1782 983 stipulari
1817 902 2073 981 poterat
2102 894 2127 977 Η
2160 896 2261 971 22,
2314 897 2343 957 1
2404 914 2489 957 ac

530 1030 621 1073 ue
665 1008 814 1072 dari
857 1007 1196 1093 quidquam
1245 1024 1484 1069 necesse
1526 1009 1634 1067 est.

1293 1226 1431 1308 §9.

1194 1355 1516 1420 Verba.

431 1527 717 1591 Primum
764 1545 840 1589 ea
887 1522 1080 1587 verba
1113 1519 1522 1599 enumerabO,
1557 1538 1721 1603 quae
1764 1520 1828 1582 in
1863 1518 2155 1585 omnibus
2188 1525 2491 1604 quattuor

220 1634 401 1698 libris
445 1631 865 1709 inveniuntur,
911 1627 1000 1691 ita
1045 1633 1281 1705 tamen,
1323 1629 1427 1689 ut:

407 1734 467 1816 1)
534 1738 644 1798 aut
689 1732 938 1795 aliam
985 1727 1515 1812 significationem
1547 1726 1613 1789 in
1656 1726 1939 1811 priore
1985 1727 2258 1793 habeant
2286 1735 2491 1814 parte,

537 1837 772 1901 aliam
816 1835 880 1897 in
925 1832 1445 1919 posterioret,

404 1941 472 2023 2)
541 1947 672 2021 aut,
705 1959 854 2003 eum
887 1934 969 1999 ad
1001 1936 1269 2001 eandem
1316 1935 1638 1999 notionem
1685 1933 2080 2000 reddendam
2128 1936 2253 2000 duo
2302 1938 2495 2002 verba

539 2049 795 2129 praesto
858 2042 1013 2121 sint,
1075 2041 1139 2103 in
1203 2040 1404 2103 altera
1465 2036 1944 2102 Institutionum
2001 2047 2182 2123 parte
2241 2046 2493 2126 saepius

540 2146 697 2211 illud
746 2150 1110 2229 usurpetur,
1155 2144 1221 2207 in
1264 2144 1467 2208 altera
1513 2142 1671 2224 hoet,

407 2254 475 2335 3)
543 2258 654 2317 aut
721 2256 931 2315 certae
990 2248 1303 2336 quaedam
1365 2246 1641 2328 formae,
1705 2268 1868 2332 quae
1930 2248 1996 2311 in
2056 2250 2256 2314 altera
2317 2255 2497 2336 parte

545 2354 945 2435 adhibentur,
992 2354 1057 2417 in
1104 2353 1306 2417 altera
1351 2351 1692 2417 evitentur.

440 2458 559 2523 Ad
611 2458 710 2540 1):
753 2480 809 2523 a.
858 2456 1144 2521 Verbum
1177 2455 1405 2519 audire
1437 2457 1550 2531 (=
1576 2455 1835 2519 auribus
1878 2456 2235 2540 percipere)
2268 2459 2497 2543 legitur

235 2564 306 2629 II
353 2567 454 2643 23,
503 2564 581 2627 12
637 2560 800 2646 quod
861 2559 1019 2624 nihil
1077 2560 1200 2624 tale
1245 2580 1286 2623 a
1330 2564 1619 2623 testatore
1682 2558 2039 2639 audivit,
2103 2560 2497 2647 eandemque

235 2669 364 2731 vim
430 2666 623 2730 habet
685 2663 988 2729 eoeaudire
1069 2662 1138 2727 II
1187 2664 1296 2741 12,
1344 2662 1384 2724 3
1451 2661 1526 2725 de
1593 2682 1661 2726 eo
1728 2662 1925 2726 surdo
1992 2663 2333 2748 loquimur,
2394 2670 2503 2752 qui

237 2772 488 2836 omniuo
532 2789 658 2832 nou
702 2767 1064 2847 exaudit,
1109 2786 1236 2830 non
1283 2767 1390 2850 qui
1447 2766 1630 2831 tarde
1685 2767 2054 2831 exaudit.
2146 2768 2383 2834 Contra
2436 2772 2500 2834 in

236 2876 589 2960 posteriore
638 2872 1119 2936 Institutionum
1164 2876 1343 2953 parte
1409 2869 1685 2934 officium
1744 2869 1898 2933 illud
1956 2878 2319 2955 praestatur
2373 2896 2501 2939 uno

238 2978 433 3045 verbo
505 2977 767 3041 audire:
854 2974 961 3039 III
1024 2976 1138 3057 19,
1189 2978 1221 3037 7
1300 2975 1408 3057 qui
1477 2975 1808 3057 promittit,
1881 2974 2063 3038 verba
2137 2977 2505 3060 stipulantis

243 3082 539 3147 audire
594 3080 763 3144 debet
824 3078 935 3161 (=
984 3078 1105 3142 Gai
1163 3077 1308 3143 inst.
1355 3077 1462 3141 III
1515 3081 1673 3160 105,
1736 3079 1843 3162 qui
1903 3078 2081 3144 dedit
2138 3080 2501 3165 exaudire);

240 3187 475 3253 etenim
533 3184 834 3249 exaudire
890 3184 954 3246 in
1012 3182 1173 3246 libro
1234 3178 1339 3246 ΙΙΙ
1383 3182 1700 3265 signifieat
1756 3180 2175 3267 ‘intellegere’,
2236 3185 2347 3250 cfr.
2398 3185 2505 3250 III

249 3291 350 3372 18,
397 3290 435 3352 2
475 3289 840 3372 praetorias
902 3293 1106 3351 autem
1169 3287 1603 3369 stipulationes
1658 3287 1749 3349 sio
1803 3286 2205 3352 exaudiri
2249 3296 2505 3373 oportet,

243 3400 314 3458 ut
346 3442 360 3458 .
389 3443 403 3457 .
433 3441 447 3456 .
483 3391 899 3507 (Pomponius
928 3389 1423 3475 Dig.XXXXV
1456 3392 1510 3470 1,
1533 3393 1589 3469 5,
1614 3410 1709 3473 pr.
1736 3388 1928 3454 habet
1956 3391 2222 3473 audiri).
2268 3392 2510 3457 Audiri

247 3498 325 3561 de
357 3516 433 3561 eo
483 3495 589 3578 qui
633 3495 732 3557 ius
763 3515 950 3557 suum
981 3494 1281 3577 impetrat
1315 3500 1688 3577 usurpatum
1720 3495 2047 3577 proprium
2078 3500 2175 3559 est
2206 3495 2345 3560 libri
2376 3496 2507 3579 ΙΙΙ,

246 3598 686 3683 deprehendas
733 3598 900 3660 enim
939 3597 1036 3675 11,
1067 3618 1162 3681 pr.
1197 3594 1299 3679 [si
1325 3596 1412 3671 hi,
1442 3598 1549 3681 qui
1594 3596 1937 3661 libertatem
1968 3606 2386 3681 acceperuut.

245 3704 431 3767 velint
482 3700 640 3765 hona
701 3699 819 3763 sibi
868 3699 1088 3763 addici
1146 3746 1292 3780 ...,
1357 3700 1882 3781 audiuntur)
1944 3707 2006 3764 et
2071 3703 2170 3782 11,
2218 3704 2257 3765 6
2316 3650 2511 3787 (quid

249 3826 417 3890 erqo,
463 3807 520 3869 si
567 3854 580 3868 .
616 3854 630 3868 .
665 3851 716 3885 .,
758 3803 1000 3866 ideirco
1058 3804 1246 3867 velint
1309 3803 1522 3867 addici
1584 3802 1703 3868 sibi
1743 3804 1925 3883 hona,
1988 3824 2072 3868 an
2118 3806 2513 3870 audiendi

251 3908 494 3974 suut?
537 3914 594 3971 et
637 3908 847 3991 maqis
891 3912 998 3987 est,
1043 3912 1115 3969 ut
1161 3905 1454 3969 audiri
1500 3906 1776 3989 debeant,
1822 3909 1936 3971 etsi
1979 3956 1994 3971 .
2028 3956 2043 3971 .
2077 3906 2156 3989 .].

454 4012 516 4076 b.
607 4010 792 4085 Quod
857 4009 1170 4073 discedere
1233 4008 1460 4074 dieitur
1523 4009 1592 4073 ΙΙ
1667 4017 1727 4086 l,
1772 4012 1857 4074 48
1923 4031 2034 4075 uec
2095 4012 2277 4096 louqe
2336 4013 2513 4077 dis·-

255 4116 538 4207 oedere
592 4115 883 4179 videntur
929 4113 1006 4179 ab
1065 4114 1182 4196 his,
1243 4135 1398 4199 quae
1454 4163 1518 4180 ..
1555 4164 1570 4179 .
1629 4114 1940 4201 (Theoph.
1999 4114 2513 4205 παραπλήσια

251 4220 312 4284 δὲ
354 4216 587 4295 τούτοις
632 4220 760 4283 ἐστὶ
806 4217 1048 4281 κάκεῖνα
1092 4214 1168 4280 τοὶ
1213 4216 1607 4301 πράγματα),
1669 4219 1839 4283 idem
1885 4220 1946 4283 in
2006 4221 2361 4305 posteriore
2407 4221 2513 4285 In-

256 4324 654 4387 stitutionum
711 4329 895 4406 parte
957 4322 1332 4407 exprimitur
1392 4321 1584 4385 verbo
1654 4323 1925 4404 distare,
1984 4324 2150 4409 quod
2194 4325 2259 4389 in
2304 4324 2515 4408 priore

258 4426 430 4491 deest
474 4433 686 4511 parte:
734 4424 973 4507 11114,
1006 4427 1044 4488 2
1076 4425 1184 4490 sed
1227 4426 1285 4489 is
1331 4426 1407 4489 ab
1439 4446 1506 4489 eo
1553 4477 1568 4491 .
1606 4475 1620 4490 .
1657 4476 1671 4492 .
1704 4428 1885 4511 lonqe
1932 4427 2273 4511 distatss
2314 4432 2407 4509 19,
2440 4432 2515 4493 10

257 4530 474 4605 infans
539 4536 595 4593 et
655 4530 762 4615 qui
825 4530 1070 4615 infanti
1129 4531 1458 4614 proximus
1520 4535 1610 4593 est
1670 4551 1797 4595 non
1852 4532 2115 4597 multum
2178 4553 2219 4596 a
2247 4531 2513 4616 furioso
