<?xml version="1.0" encoding="UTF-8"?>
<!DOCTYPE html PUBLIC "-//W3C//DTD XHTML 1.0 Transitional//EN"
    "http://www.w3.org/TR/xhtml1/DTD/xhtml1-transitional.dtd">
<html xmlns="http://www.w3.org/1999/xhtml" xml:lang="en" lang="en">
 <head>
  <title>
</title>
<meta http-equiv="Content-Type" content="text/html;charset=utf-8" />
  <meta name='ocr-system' content='tesseract 3.04.00' />
  <meta name='ocr-capabilities' content='ocr_page ocr_carea ocr_par ocr_line ocrx_word'/>
</head>
<body>
  <div class='ocr_page' id='page_1' title='image "./deiustinianiins00grupgoog_0024.png"; bbox 0 0 3150 5259; ppageno 0'>
   <div class='ocr_carea' id='block_1_1' title="bbox 613 504 1820 589">
    <p class='ocr_par' dir='ltr' id='par_1_1' title="bbox 613 504 1820 589">
     <span class='ocr_line' id='line_1_1' title="bbox 613 504 1820 589; baseline -0.005 -14"><span class='ocrx_word' id='word_1_1' title='bbox 613 514 696 575; x_wconf 84' lang='lat'><strong><em>22</em></strong></span> <span class='ocrx_word' id='word_1_2' title='bbox 1684 504 1820 589; x_wconf 82' lang='lat'>[72]</span> 
     </span>
    </p>
   </div>
   <div class='ocr_carea' id='block_1_2' title="bbox 539 693 2945 4629">
    <p class='ocr_par' dir='ltr' id='par_1_2' title="bbox 613 693 2897 1092">
     <span class='ocr_line' id='line_1_2' title="bbox 613 693 2895 779; baseline -0.004 -16"><span class='ocrx_word' id='word_1_3' title='bbox 613 700 682 764; x_wconf 90' lang='lat' dir='ltr'><strong><em>II</em></strong></span> <span class='ocrx_word' id='word_1_4' title='bbox 730 702 828 779; x_wconf 91' lang='lat'><strong><em>12,</em></strong></span> <span class='ocrx_word' id='word_1_5' title='bbox 860 702 898 763; x_wconf 87' lang='lat'><strong>3</strong></span> <span class='ocrx_word' id='word_1_6' title='bbox 947 698 1026 763; x_wconf 87' lang='lat' dir='ltr'><strong><em>de</em></strong></span> <span class='ocrx_word' id='word_1_7' title='bbox 1058 696 1132 759; x_wconf 83' lang='lat' dir='ltr'><strong><em>iis</em></strong></span> <span class='ocrx_word' id='word_1_8' title='bbox 1166 702 1530 779; x_wconf 83' lang='lat' dir='ltr'><strong><em>usurpatur,</em></strong></span> <span class='ocrx_word' id='word_1_9' title='bbox 1564 695 1669 779; x_wconf 87' lang='lat' dir='ltr'><strong><em>qui</em></strong></span> <span class='ocrx_word' id='word_1_10' title='bbox 1708 695 1961 777; x_wconf 80' lang='lat' dir='ltr'><strong><em>gravius</em></strong></span> <span class='ocrx_word' id='word_1_11' title='bbox 1994 693 2301 759; x_wconf 81' lang='lat' dir='ltr'><strong><em>audiunt:</em></strong></span> <span class='ocrx_word' id='word_1_12' title='bbox 2347 696 2455 779; x_wconf 79' lang='lat' dir='ltr'><strong><em>qui</em></strong></span> <span class='ocrx_word' id='word_1_13' title='bbox 2501 693 2735 758; x_wconf 87' lang='lat' dir='ltr'><strong><em>tarde</em></strong></span> <span class='ocrx_word' id='word_1_14' title='bbox 2784 711 2895 772; x_wconf 65' lang='lat' dir='ltr'><strong><em>eg:-</em></strong></span> 
     </span>
     <span class='ocr_line' id='line_1_3' title="bbox 614 796 2891 885; baseline -0.004 -18"><span class='ocrx_word' id='word_1_15' title='bbox 614 805 796 867; x_wconf 79' lang='lat' dir='ltr'><strong><em>audit</em></strong></span> <span class='ocrx_word' id='word_1_16' title='bbox 841 801 1158 885; x_wconf 84' lang='lat' dir='ltr'><strong><em>(Theoph.</em></strong></span> <span class='ocrx_word' id='word_1_17' title='bbox 1206 806 1319 863; x_wconf 79' lang='grc' dir='ltr'><strong><em>τοῦ</em></strong></span> <span class='ocrx_word' id='word_1_18' title='bbox 1361 798 1712 882; x_wconf 74' lang='grc' dir='ltr'><em>βραδέως</em></span> <span class='ocrx_word' id='word_1_19' title='bbox 1756 796 2127 881; x_wconf 67' lang='grc' dir='ltr'><strong>ἀκούοντος),</strong></span> <span class='ocrx_word' id='word_1_20' title='bbox 2186 800 2338 862; x_wconf 80' lang='lat' dir='ltr'><strong><em>item</em></strong></span> <span class='ocrx_word' id='word_1_21' title='bbox 2387 796 2457 862; x_wconf 92' lang='lat' dir='ltr'><strong><em>II</em></strong></span> <span class='ocrx_word' id='word_1_22' title='bbox 2510 803 2620 882; x_wconf 89' lang='lat'><strong><em>12,</em></strong></span> <span class='ocrx_word' id='word_1_23' title='bbox 2684 801 2721 860; x_wconf 85' lang='lat'><strong>3</strong></span> <span class='ocrx_word' id='word_1_24' title='bbox 2774 797 2891 881; x_wconf 75' lang='lat' dir='ltr'><strong><em>qui</em></strong></span> 
     </span>
     <span class='ocr_line' id='line_1_4' title="bbox 614 900 2897 990; baseline -0.004 -21"><span class='ocrx_word' id='word_1_25' title='bbox 614 907 850 969; x_wconf 85' lang='lat' dir='ltr'><strong><em>tarde</em></strong></span> <span class='ocrx_word' id='word_1_26' title='bbox 893 907 1172 990; x_wconf 82' lang='lat' dir='ltr'><strong><em>loquitur</em></strong></span> <span class='ocrx_word' id='word_1_27' title='bbox 1219 900 1358 986; x_wconf 81' lang='grc' dir='ltr'><strong>(τὸν</strong></span> <span class='ocrx_word' id='word_1_28' title='bbox 1401 900 1750 985; x_wconf 75' lang='grc' dir='ltr'><strong><em>βραδέως</em></strong></span> <span class='ocrx_word' id='word_1_29' title='bbox 1794 900 2139 983; x_wconf 77' lang='grc' dir='ltr'>λαλοῦντα).</span> <span class='ocrx_word' id='word_1_30' title='bbox 2230 900 2470 966; x_wconf 80' lang='lat' dir='ltr'><strong>Contra</strong></span> <span class='ocrx_word' id='word_1_31' title='bbox 2521 901 2554 964; x_wconf 99' lang='grc' dir='ltr'>Ι</span> <span class='ocrx_word' id='word_1_32' title='bbox 2605 905 2658 979; x_wconf 92' lang='grc'><strong><em>1,</em></strong></span> <span class='ocrx_word' id='word_1_33' title='bbox 2692 904 2728 964; x_wconf 90' lang='grc'><strong>2</strong></span> <span class='ocrx_word' id='word_1_34' title='bbox 2780 900 2897 963; x_wconf 79' lang='lat' dir='ltr'><strong><em>illa</em></strong></span> 
     </span>
     <span class='ocr_line' id='line_1_5' title="bbox 613 1006 2889 1092; baseline -0.002 -19"><span class='ocrx_word' id='word_1_35' title='bbox 613 1011 787 1073; x_wconf 87' lang='lat' dir='ltr'><strong><em>notio</em></strong></span> <span class='ocrx_word' id='word_1_36' title='bbox 835 1008 1206 1092; x_wconf 80' lang='lat' dir='ltr'><strong>exprimitur</strong></span> <span class='ocrx_word' id='word_1_37' title='bbox 1253 1006 1554 1071; x_wconf 84' lang='lat' dir='ltr'><strong><em>adverbio</em></strong></span> <span class='ocrx_word' id='word_1_38' title='bbox 1603 1008 1833 1071; x_wconf 91' lang='lat' dir='ltr'><strong><em>serius:</em></strong></span> <span class='ocrx_word' id='word_1_39' title='bbox 1881 1008 2144 1069; x_wconf 88' lang='lat' dir='ltr'><strong><em>serius</em></strong></span> <span class='ocrx_word' id='word_1_40' title='bbox 2192 1006 2277 1069; x_wconf 84' lang='lat' dir='ltr'><strong><em>ad</em></strong></span> <span class='ocrx_word' id='word_1_41' title='bbox 2336 1006 2407 1068; x_wconf 85' lang='lat' dir='ltr'><strong><em>id</em></strong></span> <span class='ocrx_word' id='word_1_42' title='bbox 2443 1006 2889 1090; x_wconf 75' lang='lat' dir='ltr'><strong><em>perducemus,</em></strong></span> 
     </span>
    </p>

    <p class='ocr_par' dir='ltr' id='par_1_3' title="bbox 539 1108 2889 1695">
     <span class='ocr_line' id='line_1_6' title="bbox 827 1108 2888 1194; baseline -0.003 -18"><span class='ocrx_word' id='word_1_43' title='bbox 827 1115 921 1176; x_wconf 90' lang='lat'><strong><em>10.</em></strong></span> <span class='ocrx_word' id='word_1_44' title='bbox 1013 1110 1465 1189; x_wconf 67' lang='lat' dir='ltr'><em>Tantummodo</em></span> <span class='ocrx_word' id='word_1_45' title='bbox 1510 1132 1623 1194; x_wconf 85' lang='lat' dir='ltr'><strong><em>per</em></strong></span> <span class='ocrx_word' id='word_1_46' title='bbox 1670 1131 1890 1173; x_wconf 80' lang='lat' dir='ltr'><strong><em>omnes</em></strong></span> <span class='ocrx_word' id='word_1_47' title='bbox 1924 1115 2225 1194; x_wconf 79' lang='lat' dir='ltr'><strong><em>quattuor</em></strong></span> <span class='ocrx_word' id='word_1_48' title='bbox 2255 1108 2450 1172; x_wconf 84' lang='lat' dir='ltr'><strong><em>libros</em></strong></span> <span class='ocrx_word' id='word_1_49' title='bbox 2484 1111 2548 1173; x_wconf 91' lang='lat' dir='ltr'><strong><em>in</em></strong></span> <span class='ocrx_word' id='word_1_50' title='bbox 2594 1130 2716 1173; x_wconf 80' lang='lat' dir='ltr'><strong><em>usu</em></strong></span> <span class='ocrx_word' id='word_1_51' title='bbox 2764 1114 2888 1187; x_wconf 77' lang='lat' dir='ltr'><strong><em>est,</em></strong></span> 
     </span>
     <span class='ocr_line' id='line_1_7' title="bbox 611 1212 2889 1297; baseline -0.002 -18"><span class='ocrx_word' id='word_1_52' title='bbox 611 1217 701 1279; x_wconf 81' lang='lat' dir='ltr'><strong><em>ita</em></strong></span> <span class='ocrx_word' id='word_1_53' title='bbox 744 1222 978 1293; x_wconf 85' lang='lat' dir='ltr'><strong><em>tamen,</em></strong></span> <span class='ocrx_word' id='word_1_54' title='bbox 1024 1220 1095 1277; x_wconf 79' lang='lat' dir='ltr'><strong><em>ut</em></strong></span> <span class='ocrx_word' id='word_1_55' title='bbox 1139 1214 1202 1276; x_wconf 90' lang='lat' dir='ltr'><strong><em>in</em></strong></span> <span class='ocrx_word' id='word_1_56' title='bbox 1245 1213 1422 1277; x_wconf 80' lang='lat' dir='ltr'><strong><em>libris</em></strong></span> <span class='ocrx_word' id='word_1_57' title='bbox 1446 1215 1481 1278; x_wconf 94' lang='lat' dir='ltr'>I</span> <span class='ocrx_word' id='word_1_58' title='bbox 1513 1220 1575 1277; x_wconf 80' lang='lat' dir='ltr'><strong><em>et</em></strong></span> <span class='ocrx_word' id='word_1_59' title='bbox 1605 1214 1674 1278; x_wconf 94' lang='grc' dir='ltr'><strong><em>ΙΙ</em></strong></span> <span class='ocrx_word' id='word_1_60' title='bbox 1704 1236 1834 1279; x_wconf 83' lang='grc'><strong>11011</strong></span> <span class='ocrx_word' id='word_1_61' title='bbox 1866 1219 2141 1297; x_wconf 79' lang='lat' dir='ltr'><strong><em>ponatur</em></strong></span> <span class='ocrx_word' id='word_1_62' title='bbox 2174 1213 2292 1277; x_wconf 80' lang='lat' dir='ltr'><strong><em>nisi</em></strong></span> <span class='ocrx_word' id='word_1_63' title='bbox 2321 1218 2467 1296; x_wconf 83' lang='lat' dir='ltr'><strong><em>post</em></strong></span> <span class='ocrx_word' id='word_1_64' title='bbox 2499 1212 2562 1276; x_wconf 85' lang='lat' dir='ltr'><strong><em>id</em></strong></span> <span class='ocrx_word' id='word_1_65' title='bbox 2596 1214 2889 1292; x_wconf 85' lang='lat' dir='ltr'><strong><em>verbum,</em></strong></span> 
     </span>
     <span class='ocr_line' id='line_1_8' title="bbox 615 1317 2889 1403; baseline -0.003 -20"><span class='ocrx_word' id='word_1_66' title='bbox 615 1320 695 1383; x_wconf 86' lang='lat' dir='ltr'><strong><em>ad</em></strong></span> <span class='ocrx_word' id='word_1_67' title='bbox 743 1318 913 1403; x_wconf 90' lang='lat' dir='ltr'><strong><em>quod</em></strong></span> <span class='ocrx_word' id='word_1_68' title='bbox 961 1324 1242 1401; x_wconf 82' lang='lat' dir='ltr'><strong><em>spectat3</em></strong></span> <span class='ocrx_word' id='word_1_69' title='bbox 1307 1318 1370 1382; x_wconf 92' lang='lat' dir='ltr'><strong><em>in</em></strong></span> <span class='ocrx_word' id='word_1_70' title='bbox 1434 1320 1659 1383; x_wconf 80' lang='lat' dir='ltr'><strong><em>ceteris</em></strong></span> <span class='ocrx_word' id='word_1_71' title='bbox 1720 1328 1783 1382; x_wconf 81' lang='lat' dir='ltr'><strong><em>et</em></strong></span> <span class='ocrx_word' id='word_1_72' title='bbox 1844 1324 1991 1381; x_wconf 83' lang='lat' dir='ltr'><strong><em>ante</em></strong></span> <span class='ocrx_word' id='word_1_73' title='bbox 2039 1322 2101 1381; x_wconf 81' lang='lat' dir='ltr'><strong><em>et</em></strong></span> <span class='ocrx_word' id='word_1_74' title='bbox 2142 1322 2310 1400; x_wconf 83' lang='lat' dir='ltr'><strong><em>post,</em></strong></span> <span class='ocrx_word' id='word_1_75' title='bbox 2360 1317 2554 1381; x_wconf 84' lang='lat' dir='ltr'><strong><em>veluti</em></strong></span> <span class='ocrx_word' id='word_1_76' title='bbox 2598 1317 2631 1381; x_wconf 95' lang='lat' dir='ltr'>I</span> <span class='ocrx_word' id='word_1_77' title='bbox 2678 1319 2798 1395; x_wconf 89' lang='grc'><strong><em>24,</em></strong></span> <span class='ocrx_word' id='word_1_78' title='bbox 2845 1318 2889 1378; x_wconf 88' lang='lat'>4</span> 
     </span>
     <span class='ocr_line' id='line_1_9' title="bbox 539 1410 2889 1508; baseline -0.001 -22"><span class='ocrx_word' id='word_1_79' title='bbox 539 1410 547 1419; x_wconf 63' lang='grc'>’</span> <span class='ocrx_word' id='word_1_80' title='bbox 613 1423 680 1486; x_wconf 81' lang='lat' dir='ltr'><strong><em>hi</em></strong></span> <span class='ocrx_word' id='word_1_81' title='bbox 723 1422 1278 1486; x_wconf 85' lang='lat' dir='ltr'><strong><em>tantummodo</em></strong></span> <span class='ocrx_word' id='word_1_82' title='bbox 1323 1425 1493 1508; x_wconf 81' lang='lat' dir='ltr'><strong><em>qui.</em></strong></span> <span class='ocrx_word' id='word_1_83' title='bbox 1532 1472 1587 1487; x_wconf 90' lang='lat'><strong><em>..</em></strong></span> <span class='ocrx_word' id='word_1_84' title='bbox 1622 1425 1645 1503; x_wconf 76' lang='grc' dir='ltr'><strong><em>ΙΙ</em></strong></span> <span class='ocrx_word' id='word_1_85' title='bbox 1678 1421 1749 1486; x_wconf 94' lang='grc' dir='ltr'><strong><em>ΙΙ</em></strong></span> <span class='ocrx_word' id='word_1_86' title='bbox 1794 1426 1853 1503; x_wconf 88' lang='grc'><strong><em>8,</em></strong></span> <span class='ocrx_word' id='word_1_87' title='bbox 1897 1442 1991 1505; x_wconf 87' lang='lat' dir='ltr'><strong><em>pr.</em></strong></span> <span class='ocrx_word' id='word_1_88' title='bbox 2059 1424 2127 1485; x_wconf 92' lang='lat' dir='ltr'><strong><em>in</em></strong></span> <span class='ocrx_word' id='word_1_89' title='bbox 2172 1423 2290 1485; x_wconf 88' lang='lat' dir='ltr'><strong><em>soli</em></strong></span> <span class='ocrx_word' id='word_1_90' title='bbox 2334 1420 2889 1486; x_wconf 82' lang='lat' dir='ltr'><strong><em>tantummodo</em></strong></span> 
     </span>
     <span class='ocr_line' id='line_1_10' title="bbox 612 1524 2889 1610; baseline -0.001 -22"><span class='ocrx_word' id='word_1_91' title='bbox 612 1526 850 1603; x_wconf 76' lang='lat' dir='ltr'><strong><em>rebusl!</em></strong></span> <span class='ocrx_word' id='word_1_92' title='bbox 890 1529 996 1605; x_wconf 90' lang='grc'><strong><em>11,</em></strong></span> <span class='ocrx_word' id='word_1_93' title='bbox 1044 1529 1081 1589; x_wconf 89' lang='grc'>6</span> <span class='ocrx_word' id='word_1_94' title='bbox 1138 1528 1208 1589; x_wconf 85' lang='lat' dir='ltr'><strong><em>in</em></strong></span> <span class='ocrx_word' id='word_1_95' title='bbox 1251 1526 1351 1590; x_wconf 82' lang='lat' dir='ltr'><strong><em>his</em></strong></span> <span class='ocrx_word' id='word_1_96' title='bbox 1404 1528 1959 1591; x_wconf 80' lang='lat' dir='ltr'><strong><em>tantummodo</em></strong></span> <span class='ocrx_word' id='word_1_97' title='bbox 1996 1527 2264 1610; x_wconf 79' lang='lat' dir='ltr'><em>peculiis</em></span> <span class='ocrx_word' id='word_1_98' title='bbox 2296 1524 2319 1609; x_wconf 77' lang='grc' dir='ltr'><strong><em>ΙΙ</em></strong></span> <span class='ocrx_word' id='word_1_99' title='bbox 2357 1529 2467 1604; x_wconf 85' lang='grc'><strong><em>19,</em></strong></span> <span class='ocrx_word' id='word_1_100' title='bbox 2524 1530 2560 1591; x_wconf 87' lang='grc'>6</span> <span class='ocrx_word' id='word_1_101' title='bbox 2608 1526 2675 1587; x_wconf 91' lang='lat' dir='ltr'><strong><em>in</em></strong></span> <span class='ocrx_word' id='word_1_102' title='bbox 2721 1524 2889 1587; x_wconf 92' lang='lat' dir='ltr'><strong><em>mili-</em></strong></span> 
     </span>
     <span class='ocr_line' id='line_1_11' title="bbox 613 1631 1865 1695; baseline 0 -1"><span class='ocrx_word' id='word_1_103' title='bbox 613 1631 774 1695; x_wconf 81' lang='lat' dir='ltr'><strong><em>tibus</em></strong></span> <span class='ocrx_word' id='word_1_104' title='bbox 819 1632 1369 1695; x_wconf 81' lang='lat' dir='ltr'><strong><em>tantummodo</em></strong></span> <span class='ocrx_word' id='word_1_105' title='bbox 1415 1631 1528 1695; x_wconf 81' lang='lat' dir='ltr'><strong><em>hoe</em></strong></span> <span class='ocrx_word' id='word_1_106' title='bbox 1573 1631 1865 1695; x_wconf 76' lang='lat' dir='ltr'><strong><em>extendit.</em></strong></span> 
     </span>
    </p>

    <p class='ocr_par' dir='ltr' id='par_1_4' title="bbox 617 1731 2889 2131">
     <span class='ocr_line' id='line_1_12' title="bbox 820 1731 2886 1819; baseline -0.002 -22"><span class='ocrx_word' id='word_1_107' title='bbox 820 1734 923 1797; x_wconf 94' lang='lat' dir='ltr'><strong><em>III</em></strong></span> <span class='ocrx_word' id='word_1_108' title='bbox 963 1738 1014 1813; x_wconf 95' lang='grc'><strong><em>1,</em></strong></span> <span class='ocrx_word' id='word_1_109' title='bbox 1053 1738 1131 1798; x_wconf 88' lang='grc'><strong><em>14</em></strong></span> <span class='ocrx_word' id='word_1_110' title='bbox 1175 1737 1244 1798; x_wconf 89' lang='lat' dir='ltr'><strong><em>in</em></strong></span> <span class='ocrx_word' id='word_1_111' title='bbox 1287 1736 1402 1799; x_wconf 82' lang='lat' dir='ltr'><strong><em>hoo</em></strong></span> <span class='ocrx_word' id='word_1_112' title='bbox 1447 1736 2003 1799; x_wconf 80' lang='lat' dir='ltr'><strong><em>tantummodo</em></strong></span> <span class='ocrx_word' id='word_1_113' title='bbox 2050 1756 2201 1799; x_wconf 85' lang='lat' dir='ltr'><strong><em>casu</em></strong></span> <span class='ocrx_word' id='word_1_114' title='bbox 2232 1732 2257 1819; x_wconf 75' lang='grc' dir='ltr'><strong><em>ΙΙ</em></strong></span> <span class='ocrx_word' id='word_1_115' title='bbox 2294 1736 2393 1816; x_wconf 88' lang='grc'><strong>10,</strong></span> <span class='ocrx_word' id='word_1_116' title='bbox 2428 1736 2465 1797; x_wconf 91' lang='grc'><strong>2</strong></span> <span class='ocrx_word' id='word_1_117' title='bbox 2510 1733 2671 1801; x_wconf 73' lang='lat' dir='ltr'><strong><em>nihil</em></strong></span> <span class='ocrx_word' id='word_1_118' title='bbox 2700 1731 2886 1795; x_wconf 84' lang='lat' dir='ltr'><strong><em>aliud</em></strong></span> 
     </span>
     <span class='ocr_line' id='line_1_13' title="bbox 617 1836 2889 1924; baseline -0.002 -22"><span class='ocrx_word' id='word_1_119' title='bbox 617 1840 745 1903; x_wconf 90' lang='lat' dir='ltr'><strong><em>nisi</em></strong></span> <span class='ocrx_word' id='word_1_120' title='bbox 803 1840 1344 1903; x_wconf 80' lang='lat' dir='ltr'><strong><em>tantummodo</em></strong></span> <span class='ocrx_word' id='word_1_121' title='bbox 1396 1860 1548 1903; x_wconf 89' lang='lat' dir='ltr'><strong><em>usus</em></strong></span> <span class='ocrx_word' id='word_1_122' title='bbox 1599 1840 1865 1923; x_wconf 80' lang='lat' dir='ltr'><strong><em>fruetus</em></strong></span> <span class='ocrx_word' id='word_1_123' title='bbox 1896 1839 1921 1920; x_wconf 70' lang='lat' dir='ltr'>H</span> <span class='ocrx_word' id='word_1_124' title='bbox 1952 1838 2049 1902; x_wconf 91' lang='lat' dir='ltr'><strong><em>IV</em></strong></span> <span class='ocrx_word' id='word_1_125' title='bbox 2098 1844 2153 1922; x_wconf 93' lang='lat'><strong><em>1,</em></strong></span> <span class='ocrx_word' id='word_1_126' title='bbox 2202 1842 2239 1902; x_wconf 84' lang='lat'>8</span> <span class='ocrx_word' id='word_1_127' title='bbox 2285 1838 2654 1924; x_wconf 74' lang='lat' dir='ltr'><strong><em>quibusdam</em></strong></span> <span class='ocrx_word' id='word_1_128' title='bbox 2699 1836 2889 1919; x_wconf 87' lang='lat' dir='ltr'><strong><em>furti</em></strong></span> 
     </span>
     <span class='ocr_line' id='line_1_14' title="bbox 618 1938 2887 2031; baseline -0.004 -24"><span class='ocrx_word' id='word_1_129' title='bbox 618 1944 1181 2007; x_wconf 83' lang='lat' dir='ltr'><strong><em>tantummodo</em></strong></span> <span class='ocrx_word' id='word_1_130' title='bbox 1258 1943 1371 2026; x_wconf 82' lang='lat' dir='ltr'><strong><em>(se.</em></strong></span> <span class='ocrx_word' id='word_1_131' title='bbox 1451 1946 1751 2008; x_wconf 73' lang='lat' dir='ltr'><em>actionem</em></span> <span class='ocrx_word' id='word_1_132' title='bbox 1822 1943 2347 2026; x_wconf 77' lang='lat' dir='ltr'><strong><em>praestantibus).</em></strong></span> <span class='ocrx_word' id='word_1_133' title='bbox 2438 1942 2611 2031; x_wconf 45' lang='lat' dir='ltr'><strong>,Alia</strong></span> <span class='ocrx_word' id='word_1_134' title='bbox 2685 1938 2887 2001; x_wconf 84' lang='lat' dir='ltr'><strong><em>habes</em></strong></span> 
     </span>
     <span class='ocr_line' id='line_1_15' title="bbox 619 2046 2255 2131; baseline 0.001 -21"><span class='ocrx_word' id='word_1_135' title='bbox 619 2048 913 2131; x_wconf 84' lang='lat' dir='ltr'><strong><em>exempla</em></strong></span> <span class='ocrx_word' id='word_1_136' title='bbox 957 2046 1064 2109; x_wconf 89' lang='lat' dir='ltr'><strong><em>III</em></strong></span> <span class='ocrx_word' id='word_1_137' title='bbox 1107 2049 1166 2124; x_wconf 83' lang='lat'><strong><em>5,</em></strong></span> <span class='ocrx_word' id='word_1_138' title='bbox 1219 2051 1292 2127; x_wconf 85' lang='grc'><strong><em>1;</em></strong></span> <span class='ocrx_word' id='word_1_139' title='bbox 1349 2048 1445 2123; x_wconf 87' lang='grc'><strong>12,</strong></span> <span class='ocrx_word' id='word_1_140' title='bbox 1489 2067 1620 2130; x_wconf 88' lang='lat' dir='ltr'><strong><em>pr.;</em></strong></span> <span class='ocrx_word' id='word_1_141' title='bbox 1671 2049 1773 2130; x_wconf 84' lang='grc'><strong><em>27,</em></strong></span> <span class='ocrx_word' id='word_1_142' title='bbox 1824 2051 1894 2129; x_wconf 77' lang='lat'><strong><em>73</em></strong></span> <span class='ocrx_word' id='word_1_143' title='bbox 1946 2046 2043 2111; x_wconf 89' lang='lat' dir='ltr'><strong><em>IV</em></strong></span> <span class='ocrx_word' id='word_1_144' title='bbox 2088 2050 2147 2127; x_wconf 89' lang='grc'><strong><em>8,</em></strong></span> <span class='ocrx_word' id='word_1_145' title='bbox 2197 2050 2255 2111; x_wconf 80' lang='lat'><strong><em>7.</em></strong></span> 
     </span>
    </p>

    <p class='ocr_par' dir='ltr' id='par_1_5' title="bbox 616 2149 2885 2443">
     <span class='ocr_line' id='line_1_16' title="bbox 824 2149 2885 2231; baseline -0.003 -18"><span class='ocrx_word' id='word_1_146' title='bbox 824 2149 927 2213; x_wconf 85' lang='lat' dir='ltr'><strong><em>Ad</em></strong></span> <span class='ocrx_word' id='word_1_147' title='bbox 984 2150 1406 2214; x_wconf 85' lang='lat' dir='ltr'><strong><em>numeralium</em></strong></span> <span class='ocrx_word' id='word_1_148' title='bbox 1465 2154 1675 2214; x_wconf 83' lang='lat' dir='ltr'><strong><em>autem</em></strong></span> <span class='ocrx_word' id='word_1_149' title='bbox 1734 2152 1859 2213; x_wconf 87' lang='lat' dir='ltr'><strong><em>vim</em></strong></span> <span class='ocrx_word' id='word_1_150' title='bbox 1924 2150 2281 2231; x_wconf 77' lang='lat' dir='ltr'><strong>augendam</strong></span> <span class='ocrx_word' id='word_1_151' title='bbox 2328 2150 2407 2214; x_wconf 85' lang='lat' dir='ltr'><strong><em>ab</em></strong></span> <span class='ocrx_word' id='word_1_152' title='bbox 2466 2150 2666 2212; x_wconf 79' lang='lat' dir='ltr'><strong><em>altero</em></strong></span> <span class='ocrx_word' id='word_1_153' title='bbox 2714 2166 2885 2208; x_wconf 85' lang='lat' dir='ltr'><strong><em>eom-</em></strong></span> 
     </span>
     <span class='ocr_line' id='line_1_17' title="bbox 617 2250 2883 2340; baseline -0.002 -24"><span class='ocrx_word' id='word_1_154' title='bbox 617 2254 900 2340; x_wconf 71' lang='lat' dir='ltr'><strong><em>positore</em></strong></span> <span class='ocrx_word' id='word_1_155' title='bbox 947 2254 1371 2318; x_wconf 80' lang='lat' dir='ltr'><strong><em>tantummodo</em></strong></span> <span class='ocrx_word' id='word_1_156' title='bbox 1385 2304 1405 2335; x_wconf 79' lang='lat'><strong>,</strong></span> <span class='ocrx_word' id='word_1_157' title='bbox 1452 2254 1532 2317; x_wconf 86' lang='lat' dir='ltr'><strong><em>ab</em></strong></span> <span class='ocrx_word' id='word_1_158' title='bbox 1581 2256 1781 2319; x_wconf 83' lang='lat' dir='ltr'><strong><em>altero</em></strong></span> <span class='ocrx_word' id='word_1_159' title='bbox 1842 2262 2086 2319; x_wconf 88' lang='lat' dir='ltr'><strong><em>tantum</em></strong></span> <span class='ocrx_word' id='word_1_160' title='bbox 2130 2254 2505 2318; x_wconf 80' lang='lat' dir='ltr'><strong>adhibetur:</strong></span> <span class='ocrx_word' id='word_1_161' title='bbox 2564 2250 2633 2314; x_wconf 97' lang='grc' dir='ltr'><strong><em>ΙΙ</em></strong></span> <span class='ocrx_word' id='word_1_162' title='bbox 2700 2252 2795 2330; x_wconf 88' lang='grc'><strong>14,</strong></span> <span class='ocrx_word' id='word_1_163' title='bbox 2845 2250 2883 2311; x_wconf 88' lang='grc'><strong>5</strong></span> 
     </span>
     <span class='ocr_line' id='line_1_18' title="bbox 616 2359 1997 2443; baseline 0.001 -22"><span class='ocrx_word' id='word_1_164' title='bbox 616 2359 674 2421; x_wconf 91' lang='lat' dir='ltr'><strong><em>si</em></strong></span> <span class='ocrx_word' id='word_1_165' title='bbox 715 2378 911 2421; x_wconf 90' lang='lat' dir='ltr'><strong><em>unum</em></strong></span> <span class='ocrx_word' id='word_1_166' title='bbox 957 2364 1267 2422; x_wconf 89' lang='lat' dir='ltr'><strong><em>tantum</em></strong></span> <span class='ocrx_word' id='word_1_167' title='bbox 1311 2360 1451 2443; x_wconf 75' lang='lat' dir='ltr'><strong><em>quis</em></strong></span> <span class='ocrx_word' id='word_1_168' title='bbox 1495 2409 1510 2424; x_wconf 87' lang='lat'><strong>.</strong></span> <span class='ocrx_word' id='word_1_169' title='bbox 1548 2410 1561 2424; x_wconf 89' lang='lat'><strong>.</strong></span> <span class='ocrx_word' id='word_1_170' title='bbox 1599 2407 1613 2422; x_wconf 92' lang='lat'><em>.</em></span> <span class='ocrx_word' id='word_1_171' title='bbox 1657 2360 1997 2443; x_wconf 77' lang='lat' dir='ltr'><strong><em>scripserit.</em></strong></span> 
     </span>
    </p>

    <p class='ocr_par' dir='ltr' id='par_1_6' title="bbox 615 2459 2881 2750">
     <span class='ocr_line' id='line_1_19' title="bbox 823 2459 2881 2548; baseline -0.004 -23"><span class='ocrx_word' id='word_1_172' title='bbox 823 2460 930 2525; x_wconf 94' lang='grc' dir='ltr'><strong><em>ΙΙΙ</em></strong></span> <span class='ocrx_word' id='word_1_173' title='bbox 975 2464 1032 2544; x_wconf 91' lang='grc'><strong><em>2,</em></strong></span> <span class='ocrx_word' id='word_1_174' title='bbox 1067 2466 1105 2525; x_wconf 89' lang='grc'><strong>4</strong></span> <span class='ocrx_word' id='word_1_175' title='bbox 1153 2483 1317 2526; x_wconf 92' lang='lat' dir='ltr'><strong><em>unus</em></strong></span> <span class='ocrx_word' id='word_1_176' title='bbox 1361 2464 1926 2527; x_wconf 80' lang='lat' dir='ltr'><strong><em>tantummodo</em></strong></span> <span class='ocrx_word' id='word_1_177' title='bbox 1974 2464 2222 2548; x_wconf 73' lang='lat' dir='ltr'><strong><em>qradus</em></strong></span> <span class='ocrx_word' id='word_1_178' title='bbox 2253 2461 2277 2545; x_wconf 81' lang='grc' dir='ltr'>Η</span> <span class='ocrx_word' id='word_1_179' title='bbox 2312 2466 2367 2543; x_wconf 90' lang='grc'><strong><em>9,</em></strong></span> <span class='ocrx_word' id='word_1_180' title='bbox 2395 2465 2432 2525; x_wconf 88' lang='grc'>6</span> <span class='ocrx_word' id='word_1_181' title='bbox 2481 2461 2567 2525; x_wconf 82' lang='lat' dir='ltr'><strong><em>ad</em></strong></span> <span class='ocrx_word' id='word_1_182' title='bbox 2596 2459 2881 2543; x_wconf 77' lang='lat' dir='ltr'><strong><em>quintum</em></strong></span> 
     </span>
     <span class='ocr_line' id='line_1_20' title="bbox 619 2563 2881 2650; baseline -0.003 -23"><span class='ocrx_word' id='word_1_183' title='bbox 619 2566 1160 2630; x_wconf 80' lang='lat' dir='ltr'><strong><em>tantummodo</em></strong></span> <span class='ocrx_word' id='word_1_184' title='bbox 1218 2566 1552 2650; x_wconf 70' lang='lat' dir='ltr'><strong><em>qradumss</em></strong></span> <span class='ocrx_word' id='word_1_185' title='bbox 1588 2569 1659 2648; x_wconf 92' lang='grc'><strong><em>9,</em></strong></span> <span class='ocrx_word' id='word_1_186' title='bbox 1708 2569 1742 2630; x_wconf 80' lang='lat'><strong>7</strong></span> <span class='ocrx_word' id='word_1_187' title='bbox 1807 2588 1915 2632; x_wconf 66' lang='lat' dir='ltr'><strong><em>sete</em></strong></span> <span class='ocrx_word' id='word_1_188' title='bbox 1972 2566 2527 2631; x_wconf 82' lang='lat' dir='ltr'><strong><em>tantummodo</em></strong></span> <span class='ocrx_word' id='word_1_189' title='bbox 2579 2563 2881 2626; x_wconf 86' lang='lat' dir='ltr'><strong><em>bonorum</em></strong></span> 
     </span>
     <span class='ocr_line' id='line_1_21' title="bbox 615 2670 1047 2750; baseline 0.005 -19"><span class='ocrx_word' id='word_1_190' title='bbox 615 2670 1047 2750; x_wconf 89' lang='lat' dir='ltr'><strong><em>possessiones.</em></strong></span> 
     </span>
    </p>

    <p class='ocr_par' dir='ltr' id='par_1_7' title="bbox 610 2768 2879 3273">
     <span class='ocr_line' id='line_1_22' title="bbox 827 2768 2879 2858; baseline -0.003 -23"><span class='ocrx_word' id='word_1_191' title='bbox 827 2777 926 2836; x_wconf 89' lang='lat'><strong><em>11.</em></strong></span> <span class='ocrx_word' id='word_1_192' title='bbox 1017 2772 1120 2835; x_wconf 91' lang='lat' dir='ltr'><strong><em>Ab</em></strong></span> <span class='ocrx_word' id='word_1_193' title='bbox 1183 2773 1469 2838; x_wconf 83' lang='lat' dir='ltr'><strong><em>adverbii</em></strong></span> <span class='ocrx_word' id='word_1_194' title='bbox 1516 2771 1797 2839; x_wconf 84' lang='lat' dir='ltr'><strong><em>‘omnino&#39;</em></strong></span> <span class='ocrx_word' id='word_1_195' title='bbox 1868 2778 2126 2840; x_wconf 83' lang='lat' dir='ltr'><strong><em>notione</em></strong></span> <span class='ocrx_word' id='word_1_196' title='bbox 2187 2774 2357 2839; x_wconf 85' lang='lat' dir='ltr'><strong><em>haud</em></strong></span> <span class='ocrx_word' id='word_1_197' title='bbox 2414 2771 2637 2858; x_wconf 81' lang='lat' dir='ltr'><strong><em>procul</em></strong></span> <span class='ocrx_word' id='word_1_198' title='bbox 2700 2768 2879 2831; x_wconf 83' lang='lat' dir='ltr'><strong><em>abest</em></strong></span> 
     </span>
     <span class='ocr_line' id='line_1_23' title="bbox 616 2874 2875 2963; baseline 0 -26"><span class='ocrx_word' id='word_1_199' title='bbox 616 2876 680 2938; x_wconf 91' lang='lat' dir='ltr'><strong><em>in</em></strong></span> <span class='ocrx_word' id='word_1_200' title='bbox 741 2877 916 2940; x_wconf 86' lang='lat' dir='ltr'><strong><em>libris</em></strong></span> <span class='ocrx_word' id='word_1_201' title='bbox 980 2874 1013 2937; x_wconf 99' lang='grc' dir='ltr'>Ι</span> <span class='ocrx_word' id='word_1_202' title='bbox 1071 2882 1134 2939; x_wconf 85' lang='lat' dir='ltr'><strong><em>et</em></strong></span> <span class='ocrx_word' id='word_1_203' title='bbox 1193 2876 1262 2940; x_wconf 94' lang='lat' dir='ltr'><strong><em>II</em></strong></span> <span class='ocrx_word' id='word_1_204' title='bbox 1317 2898 1436 2961; x_wconf 88' lang='lat' dir='ltr'><strong><em>per</em></strong></span> <span class='ocrx_word' id='word_1_205' title='bbox 1481 2880 1714 2960; x_wconf 84' lang='lat' dir='ltr'><strong><em>omnia,</em></strong></span> <span class='ocrx_word' id='word_1_206' title='bbox 1778 2879 2007 2945; x_wconf 80' lang='lat' dir='ltr'><strong>veluti:</strong></span> <span class='ocrx_word' id='word_1_207' title='bbox 2073 2880 2105 2943; x_wconf 95' lang='lat' dir='ltr'>I</span> <span class='ocrx_word' id='word_1_208' title='bbox 2153 2882 2255 2963; x_wconf 90' lang='grc'><strong>12,</strong></span> <span class='ocrx_word' id='word_1_209' title='bbox 2306 2881 2334 2941; x_wconf 96' lang='grc'><strong><em>1</em></strong></span> <span class='ocrx_word' id='word_1_210' title='bbox 2392 2898 2543 2962; x_wconf 89' lang='lat' dir='ltr'><strong><em>per</em></strong></span> <span class='ocrx_word' id='word_1_211' title='bbox 2606 2876 2875 2939; x_wconf 87' lang='lat' dir='ltr'><strong><em>omnia</em></strong></span> 
     </span>
     <span class='ocr_line' id='line_1_24' title="bbox 610 2980 2877 3066; baseline -0.002 -23"><span class='ocrx_word' id='word_1_212' title='bbox 610 2982 957 3063; x_wconf 86' lang='lat' dir='ltr'><strong><em>pristinum</em></strong></span> <span class='ocrx_word' id='word_1_213' title='bbox 1019 2986 1255 3044; x_wconf 86' lang='lat' dir='ltr'><strong><em>statum</em></strong></span> <span class='ocrx_word' id='word_1_214' title='bbox 1297 2983 1613 3063; x_wconf 81' lang='lat' dir='ltr'><strong><em>recipiunt</em></strong></span> <span class='ocrx_word' id='word_1_215' title='bbox 1644 2982 1667 3060; x_wconf 79' lang='lat' dir='ltr'><strong><em>[l</em></strong></span> <span class='ocrx_word' id='word_1_216' title='bbox 1700 2982 1769 3046; x_wconf 92' lang='lat' dir='ltr'><strong><em>II</em></strong></span> <span class='ocrx_word' id='word_1_217' title='bbox 1818 2987 1875 3066; x_wconf 84' lang='grc'><strong><em>7,</em></strong></span> <span class='ocrx_word' id='word_1_218' title='bbox 1913 2987 1941 3047; x_wconf 96' lang='grc'><strong><em>1</em></strong></span> <span class='ocrx_word' id='word_1_219' title='bbox 2009 2984 2097 3047; x_wconf 82' lang='lat' dir='ltr'><strong><em>ad</em></strong></span> <span class='ocrx_word' id='word_1_220' title='bbox 2142 2984 2485 3066; x_wconf 72' lang='lat' dir='ltr'><strong><em>eoeemplum</em></strong></span> <span class='ocrx_word' id='word_1_221' title='bbox 2528 2980 2877 3063; x_wconf 59' lang='lat' dir='ltr'><strong><em>legatorum</em></strong></span> 
     </span>
     <span class='ocr_line' id='line_1_25' title="bbox 615 3085 2875 3170; baseline 0 -23"><span class='ocrx_word' id='word_1_222' title='bbox 615 3085 878 3148; x_wconf 83' lang='lat' dir='ltr'><strong><em>redacta</em></strong></span> <span class='ocrx_word' id='word_1_223' title='bbox 925 3091 1070 3147; x_wconf 89' lang='lat' dir='ltr'><strong><em>sunt</em></strong></span> <span class='ocrx_word' id='word_1_224' title='bbox 1102 3104 1252 3167; x_wconf 87' lang='lat' dir='ltr'><strong><em>per</em></strong></span> <span class='ocrx_word' id='word_1_225' title='bbox 1298 3086 1563 3150; x_wconf 89' lang='lat' dir='ltr'><strong><em>omnia</em></strong></span> <span class='ocrx_word' id='word_1_226' title='bbox 1613 3085 1737 3168; x_wconf 73' lang='grc' dir='ltr'><strong><em>(διὰ</em></strong></span> <span class='ocrx_word' id='word_1_227' title='bbox 1784 3086 2057 3170; x_wconf 77' lang='grc' dir='ltr'>πάντων)</span> <span class='ocrx_word' id='word_1_228' title='bbox 2088 3086 2111 3169; x_wconf 84' lang='grc' dir='ltr'><strong><em>ΙΙ</em></strong></span> <span class='ocrx_word' id='word_1_229' title='bbox 2146 3091 2203 3169; x_wconf 84' lang='lat'><strong><em>7,</em></strong></span> <span class='ocrx_word' id='word_1_230' title='bbox 2238 3090 2267 3149; x_wconf 91' lang='lat'>1</span> <span class='ocrx_word' id='word_1_231' title='bbox 2305 3093 2377 3149; x_wconf 90' lang='lat' dir='ltr'><strong><em>ut</em></strong></span> <span class='ocrx_word' id='word_1_232' title='bbox 2408 3106 2565 3169; x_wconf 87' lang='lat' dir='ltr'><strong><em>per</em></strong></span> <span class='ocrx_word' id='word_1_233' title='bbox 2608 3086 2875 3150; x_wconf 88' lang='lat' dir='ltr'><strong><em>omnia</em></strong></span> 
     </span>
     <span class='ocr_line' id='line_1_26' title="bbox 613 3186 2077 3273; baseline 0.003 -22"><span class='ocrx_word' id='word_1_234' title='bbox 613 3189 755 3267; x_wconf 79' lang='lat' dir='ltr'><strong><em>fere</em></strong></span> <span class='ocrx_word' id='word_1_235' title='bbox 799 3190 1026 3271; x_wconf 69' lang='lat' dir='ltr'><strong><em>leyatis</em></strong></span> <span class='ocrx_word' id='word_1_236' title='bbox 1073 3196 1551 3253; x_wconf 75' lang='lat' dir='ltr'><strong><em>connumeretur</em></strong></span> <span class='ocrx_word' id='word_1_237' title='bbox 1596 3186 1780 3273; x_wconf 74' lang='grc' dir='ltr'>(κατὰ</span> <span class='ocrx_word' id='word_1_238' title='bbox 1827 3190 2077 3273; x_wconf 81' lang='grc' dir='ltr'>πάντα).</span> 
     </span>
    </p>

    <p class='ocr_par' dir='ltr' id='par_1_8' title="bbox 614 3291 2877 3895">
     <span class='ocr_line' id='line_1_27' title="bbox 821 3291 2877 3380; baseline 0 -26"><span class='ocrx_word' id='word_1_239' title='bbox 821 3291 900 3354; x_wconf 89' lang='lat' dir='ltr'><strong><em>In</em></strong></span> <span class='ocrx_word' id='word_1_240' title='bbox 943 3292 1404 3375; x_wconf 80' lang='lat' dir='ltr'><strong><em>posterioribus</em></strong></span> <span class='ocrx_word' id='word_1_241' title='bbox 1450 3294 1625 3358; x_wconf 83' lang='lat' dir='ltr'><strong><em>libris</em></strong></span> <span class='ocrx_word' id='word_1_242' title='bbox 1671 3295 1837 3359; x_wconf 89' lang='lat' dir='ltr'><strong>idem</strong></span> <span class='ocrx_word' id='word_1_243' title='bbox 1883 3296 2122 3359; x_wconf 80' lang='lat' dir='ltr'><strong><em>frustra</em></strong></span> <span class='ocrx_word' id='word_1_244' title='bbox 2171 3295 2483 3380; x_wconf 81' lang='lat' dir='ltr'><strong>quaesivi3</strong></span> <span class='ocrx_word' id='word_1_245' title='bbox 2543 3294 2607 3356; x_wconf 91' lang='lat' dir='ltr'><strong><em>in</em></strong></span> <span class='ocrx_word' id='word_1_246' title='bbox 2654 3291 2877 3377; x_wconf 88' lang='lat' dir='ltr'><strong><em>quibus</em></strong></span> 
     </span>
     <span class='ocr_line' id='line_1_28' title="bbox 619 3394 2871 3481; baseline 0.003 -24"><span class='ocrx_word' id='word_1_247' title='bbox 619 3394 844 3458; x_wconf 85' lang='lat' dir='ltr'><strong>eadem</strong></span> <span class='ocrx_word' id='word_1_248' title='bbox 891 3396 949 3458; x_wconf 88' lang='lat' dir='ltr'><strong><em>vi</em></strong></span> <span class='ocrx_word' id='word_1_249' title='bbox 1007 3396 1296 3480; x_wconf 80' lang='lat' dir='ltr'><strong><em>praedita</em></strong></span> <span class='ocrx_word' id='word_1_250' title='bbox 1351 3419 1489 3461; x_wconf 82' lang='lat' dir='ltr'><strong><em>esse</em></strong></span> <span class='ocrx_word' id='word_1_251' title='bbox 1535 3399 1830 3463; x_wconf 86' lang='lat' dir='ltr'><strong><em>videntur</em></strong></span> <span class='ocrx_word' id='word_1_252' title='bbox 1874 3402 1942 3464; x_wconf 92' lang='lat' dir='ltr'><strong><em>in</em></strong></span> <span class='ocrx_word' id='word_1_253' title='bbox 1987 3406 2185 3464; x_wconf 91' lang='lat' dir='ltr'><strong><em>totum</em></strong></span> <span class='ocrx_word' id='word_1_254' title='bbox 2230 3405 2293 3463; x_wconf 81' lang='lat' dir='ltr'><strong><em>et</em></strong></span> <span class='ocrx_word' id='word_1_255' title='bbox 2338 3401 2407 3462; x_wconf 90' lang='lat' dir='ltr'><strong><em>in</em></strong></span> <span class='ocrx_word' id='word_1_256' title='bbox 2444 3398 2725 3481; x_wconf 87' lang='lat' dir='ltr'><strong><em>plenum:</em></strong></span> <span class='ocrx_word' id='word_1_257' title='bbox 2769 3394 2871 3464; x_wconf 90' lang='lat' dir='ltr'><strong><em>III</em></strong></span> 
     </span>
     <span class='ocr_line' id='line_1_29' title="bbox 618 3499 2871 3589; baseline 0 -29"><span class='ocrx_word' id='word_1_258' title='bbox 618 3499 676 3580; x_wconf 96' lang='lat'><strong><em>2,</em></strong></span> <span class='ocrx_word' id='word_1_259' title='bbox 727 3502 760 3561; x_wconf 81' lang='lat'><strong>7</strong></span> <span class='ocrx_word' id='word_1_260' title='bbox 822 3500 986 3583; x_wconf 79' lang='lat' dir='ltr'><strong><em>quod</em></strong></span> <span class='ocrx_word' id='word_1_261' title='bbox 1047 3502 1270 3565; x_wconf 81' lang='lat' dir='ltr'><strong><em>iterum</em></strong></span> <span class='ocrx_word' id='word_1_262' title='bbox 1323 3510 1652 3585; x_wconf 88' lang='lat' dir='ltr'><strong><em>praetores</em></strong></span> <span class='ocrx_word' id='word_1_263' title='bbox 1714 3554 1727 3567; x_wconf 94' lang='lat'><strong>.</strong></span> <span class='ocrx_word' id='word_1_264' title='bbox 1764 3554 1777 3568; x_wconf 93' lang='lat'><strong>.</strong></span> <span class='ocrx_word' id='word_1_265' title='bbox 1815 3554 1828 3568; x_wconf 89' lang='lat'><strong>.</strong></span> <span class='ocrx_word' id='word_1_266' title='bbox 1892 3506 2273 3589; x_wconf 72' lang='lat' dir='ltr'><strong><em>eorriyentes</em></strong></span> <span class='ocrx_word' id='word_1_267' title='bbox 2328 3523 2453 3566; x_wconf 89' lang='lat' dir='ltr'><strong><em>non</em></strong></span> <span class='ocrx_word' id='word_1_268' title='bbox 2498 3504 2523 3565; x_wconf 92' lang='lat' dir='ltr'><strong><em>i</em></strong></span> <span class='ocrx_word' id='word_1_269' title='bbox 2536 3522 2581 3563; x_wconf 92' lang='lat' dir='ltr'><strong><em>n</em></strong></span> <span class='ocrx_word' id='word_1_270' title='bbox 2627 3506 2871 3563; x_wconf 89' lang='lat' dir='ltr'><strong><em>totum</em></strong></span> 
     </span>
     <span class='ocr_line' id='line_1_30' title="bbox 615 3593 2871 3692; baseline -0.001 -24"><span class='ocrx_word' id='word_1_271' title='bbox 615 3607 745 3669; x_wconf 85' lang='lat' dir='ltr'><strong><em>sine</em></strong></span> <span class='ocrx_word' id='word_1_272' title='bbox 777 3605 1160 3670; x_wconf 82' lang='lat' dir='ltr'><strong><em>adminiculo</em></strong></span> <span class='ocrx_word' id='word_1_273' title='bbox 1190 3606 1619 3692; x_wconf 79' lang='lat' dir='ltr'><strong><em>relinquebant</em></strong></span> <span class='ocrx_word' id='word_1_274' title='bbox 1648 3606 1673 3689; x_wconf 85' lang='grc' dir='ltr'><strong><em>ΙΙ</em></strong></span> <span class='ocrx_word' id='word_1_275' title='bbox 1707 3609 1768 3691; x_wconf 92' lang='grc'><strong><em>2,</em></strong></span> <span class='ocrx_word' id='word_1_276' title='bbox 1800 3606 1877 3671; x_wconf 83' lang='lat' dir='ltr'><strong><em>3b</em></strong></span> <span class='ocrx_word' id='word_1_277' title='bbox 1908 3628 2032 3672; x_wconf 91' lang='lat' dir='ltr'><strong><em>non</em></strong></span> <span class='ocrx_word' id='word_1_278' title='bbox 2064 3615 2271 3671; x_wconf 85' lang='lat' dir='ltr'><strong><em>tamen</em></strong></span> <span class='ocrx_word' id='word_1_279' title='bbox 2302 3626 2398 3670; x_wconf 90' lang='lat' dir='ltr'><strong><em>eos</em></strong></span> <span class='ocrx_word' id='word_1_280' title='bbox 2428 3607 2513 3669; x_wconf 84' lang='lat' dir='ltr'><strong><em>in</em></strong></span> <span class='ocrx_word' id='word_1_281' title='bbox 2550 3593 2871 3687; x_wconf 81' lang='lat' dir='ltr'><strong><em>plenum</em></strong></span> 
     </span>
     <span class='ocr_line' id='line_1_31' title="bbox 614 3708 2873 3795; baseline 0 -24"><span class='ocrx_word' id='word_1_282' title='bbox 614 3730 842 3773; x_wconf 83' lang='lat' dir='ltr'><strong><em>causae</em></strong></span> <span class='ocrx_word' id='word_1_283' title='bbox 885 3709 1120 3773; x_wconf 81' lang='lat' dir='ltr'><strong><em>mederi</em></strong></span> <span class='ocrx_word' id='word_1_284' title='bbox 1169 3711 1516 3774; x_wconf 85' lang='lat' dir='ltr'><strong><em>invenimus</em></strong></span> <span class='ocrx_word' id='word_1_285' title='bbox 1575 3708 1760 3795; x_wconf 80' lang='grc' dir='ltr'>(φησὶ</span> <span class='ocrx_word' id='word_1_286' title='bbox 1818 3711 1881 3774; x_wconf 77' lang='grc' dir='ltr'><strong><em>δὲ</em></strong></span> <span class='ocrx_word' id='word_1_287' title='bbox 1942 3708 2164 3787; x_wconf 69' lang='grc' dir='ltr'><em>αὐτούς</em></span> <span class='ocrx_word' id='word_1_288' title='bbox 2224 3708 2317 3792; x_wconf 75' lang='grc' dir='ltr'><strong><em>μή</em></strong></span> <span class='ocrx_word' id='word_1_289' title='bbox 2374 3734 2455 3772; x_wconf 81' lang='grc' dir='ltr'><strong><em>τε</em></strong></span> <span class='ocrx_word' id='word_1_290' title='bbox 2479 3708 2706 3785; x_wconf 81' lang='grc' dir='ltr'><em>λείως</em></span> <span class='ocrx_word' id='word_1_291' title='bbox 2769 3711 2873 3789; x_wconf 86' lang='grc' dir='ltr'><strong><em>τῆς</em></strong></span> 
     </span>
     <span class='ocr_line' id='line_1_32' title="bbox 617 3811 2027 3895; baseline 0.001 -19"><span class='ocrx_word' id='word_1_292' title='bbox 617 3811 768 3876; x_wconf 80' lang='grc' dir='ltr'><em>κατὰ</em></span> <span class='ocrx_word' id='word_1_293' title='bbox 815 3818 942 3875; x_wconf 79' lang='grc' dir='ltr'><strong><em>τῶν</em></strong></span> <span class='ocrx_word' id='word_1_294' title='bbox 988 3818 1255 3894; x_wconf 71' lang='grc' dir='ltr'><em>θηλειῶν</em></span> <span class='ocrx_word' id='word_1_295' title='bbox 1299 3812 1532 3890; x_wconf 73' lang='grc' dir='ltr'><strong><em>αδικιάς</em></strong></span> <span class='ocrx_word' id='word_1_296' title='bbox 1578 3812 1773 3895; x_wconf 76' lang='grc' dir='ltr'><em>ευρεῖν</em></span> <span class='ocrx_word' id='word_1_297' title='bbox 1820 3813 2027 3893; x_wconf 80' lang='grc' dir='ltr'>ἴασιν).</span> 
     </span>
    </p>

    <p class='ocr_par' dir='ltr' id='par_1_9' title="bbox 613 3915 2945 4629">
     <span class='ocr_line' id='line_1_33' title="bbox 826 3915 2875 4004; baseline 0 -25"><span class='ocrx_word' id='word_1_298' title='bbox 826 3918 920 3979; x_wconf 91' lang='grc'><strong><em>12.</em></strong></span> <span class='ocrx_word' id='word_1_299' title='bbox 1010 3916 1115 3979; x_wconf 78' lang='lat' dir='ltr'><strong><em>Ad</em></strong></span> <span class='ocrx_word' id='word_1_300' title='bbox 1182 3919 1526 3999; x_wconf 71' lang='lat' dir='ltr'><strong><em>eoeemplum</em></strong></span> <span class='ocrx_word' id='word_1_301' title='bbox 1590 3918 1859 4004; x_wconf 78' lang='lat' dir='ltr'><strong><em>iegitur:</em></strong></span> <span class='ocrx_word' id='word_1_302' title='bbox 1933 3916 2000 3981; x_wconf 94' lang='grc' dir='ltr'><strong><em>ΙΙ</em></strong></span> <span class='ocrx_word' id='word_1_303' title='bbox 2067 3920 2125 3999; x_wconf 85' lang='grc'><strong><em>7,</em></strong></span> <span class='ocrx_word' id='word_1_304' title='bbox 2173 3920 2209 3980; x_wconf 92' lang='grc'><strong>2</strong></span> <span class='ocrx_word' id='word_1_305' title='bbox 2274 3918 2374 3981; x_wconf 80' lang='lat' dir='ltr'><strong><em>ad</em></strong></span> <span class='ocrx_word' id='word_1_306' title='bbox 2444 3915 2875 3999; x_wconf 76' lang='lat' dir='ltr'><strong><em>exemplum</em></strong></span> 
     </span>
     <span class='ocr_line' id='line_1_34' title="bbox 614 4016 2875 4106; baseline 0 -23"><span class='ocrx_word' id='word_1_307' title='bbox 614 4021 986 4085; x_wconf 84' lang='lat' dir='ltr'><strong><em>venditionis</em></strong></span> <span class='ocrx_word' id='word_1_308' title='bbox 1018 4018 1040 4102; x_wconf 84' lang='grc' dir='ltr'><strong><em>ΙΙ</em></strong></span> <span class='ocrx_word' id='word_1_309' title='bbox 1081 4022 1187 4100; x_wconf 96' lang='grc'><strong><em>11,</em></strong></span> <span class='ocrx_word' id='word_1_310' title='bbox 1236 4023 1273 4083; x_wconf 89' lang='grc'>6</span> <span class='ocrx_word' id='word_1_311' title='bbox 1331 4021 1498 4106; x_wconf 79' lang='lat' dir='ltr'><strong><em>quod</em></strong></span> <span class='ocrx_word' id='word_1_312' title='bbox 1549 4022 1653 4085; x_wconf 81' lang='lat' dir='ltr'><strong><em>ad</em></strong></span> <span class='ocrx_word' id='word_1_313' title='bbox 1713 4023 2143 4105; x_wconf 80' lang='lat' dir='ltr'><strong><em>exemplum</em></strong></span> <span class='ocrx_word' id='word_1_314' title='bbox 2202 4021 2539 4085; x_wconf 83' lang='lat' dir='ltr'><strong><em>castrensis</em></strong></span> <span class='ocrx_word' id='word_1_315' title='bbox 2599 4022 2833 4103; x_wconf 84' lang='lat' dir='ltr'><strong><em>peculii</em></strong></span> <span class='ocrx_word' id='word_1_316' title='bbox 2858 4016 2875 4103; x_wconf 80' lang='grc' dir='ltr'><strong><em>ΙΙ</em></strong></span> 
     </span>
     <span class='ocr_line' id='line_1_35' title="bbox 624 4123 2875 4211; baseline 0.001 -26"><span class='ocrx_word' id='word_1_317' title='bbox 624 4125 797 4205; x_wconf 91' lang='grc'><strong>16,1</strong></span> <span class='ocrx_word' id='word_1_318' title='bbox 849 4124 952 4187; x_wconf 78' lang='lat' dir='ltr'><strong><em>acl</em></strong></span> <span class='ocrx_word' id='word_1_319' title='bbox 997 4126 1437 4208; x_wconf 77' lang='lat' dir='ltr'><strong><em>exemplum</em></strong></span> <span class='ocrx_word' id='word_1_320' title='bbox 1483 4125 1803 4211; x_wconf 86' lang='lat' dir='ltr'><strong><em>(Theoph.</em></strong></span> <span class='ocrx_word' id='word_1_321' title='bbox 1849 4124 2039 4207; x_wconf 76' lang='grc' dir='ltr'><em>πρός</em></span> <span class='ocrx_word' id='word_1_322' title='bbox 2099 4123 2476 4209; x_wconf 82' lang='grc' dir='ltr'>μίμησιν)</span> <span class='ocrx_word' id='word_1_323' title='bbox 2532 4126 2875 4209; x_wconf 80' lang='lat' dir='ltr'><strong><em>pupillaris</em></strong></span> 
     </span>
     <span class='ocr_line' id='line_1_36' title="bbox 614 4172 2872 4313; baseline 0.001 -24"><span class='ocrx_word' id='word_1_324' title='bbox 614 4172 1067 4293; x_wconf 87' lang='lat' dir='ltr'><strong><em>substitutionis</em></strong></span> <span class='ocrx_word' id='word_1_325' title='bbox 1131 4237 1333 4293; x_wconf 80' lang='lat' dir='ltr'><strong><em>certas</em></strong></span> <span class='ocrx_word' id='word_1_326' title='bbox 1376 4250 1680 4313; x_wconf 89' lang='lat' dir='ltr'><strong><em>personas</em></strong></span> <span class='ocrx_word' id='word_1_327' title='bbox 1738 4230 2121 4295; x_wconf 89' lang='lat' dir='ltr'><strong><em>substituere.</em></strong></span> <span class='ocrx_word' id='word_1_328' title='bbox 2210 4230 2515 4313; x_wconf 76' lang='lat' dir='ltr'><strong><em>Eaeemplo</em></strong></span> <span class='ocrx_word' id='word_1_329' title='bbox 2575 4230 2804 4311; x_wconf 83' lang='lat' dir='ltr'><strong><em>legitur</em></strong></span> <span class='ocrx_word' id='word_1_330' title='bbox 2846 4228 2872 4291; x_wconf 95' lang='lat' dir='ltr'>I</span> 
     </span>
     <span class='ocr_line' id='line_1_37' title="bbox 616 4332 2945 4417; baseline 0.002 -24"><span class='ocrx_word' id='word_1_331' title='bbox 616 4332 696 4395; x_wconf 87' lang='lat'><strong><em>25</em></strong></span> <span class='ocrx_word' id='word_1_332' title='bbox 729 4353 821 4416; x_wconf 88' lang='lat' dir='ltr'><strong><em>pr.</em></strong></span> <span class='ocrx_word' id='word_1_333' title='bbox 867 4354 908 4396; x_wconf 86' lang='lat' dir='ltr'><strong><em>a</em></strong></span> <span class='ocrx_word' id='word_1_334' title='bbox 937 4335 1132 4397; x_wconf 87' lang='lat' dir='ltr'><strong><em>tutela</em></strong></span> <span class='ocrx_word' id='word_1_335' title='bbox 1154 4341 1425 4417; x_wconf 87' lang='lat' dir='ltr'><strong><em>possunt</em></strong></span> <span class='ocrx_word' id='word_1_336' title='bbox 1457 4336 1753 4397; x_wconf 77' lang='lat' dir='ltr'><strong><em>excusari</em></strong></span> <span class='ocrx_word' id='word_1_337' title='bbox 1781 4355 1991 4398; x_wconf 70' lang='lat' dir='ltr'><strong><em>eoeem</em></strong></span> <span class='ocrx_word' id='word_1_338' title='bbox 1998 4334 2137 4417; x_wconf 90' lang='lat' dir='ltr'><strong><em>plo</em></strong></span> <span class='ocrx_word' id='word_1_339' title='bbox 2172 4341 2515 4397; x_wconf 81' lang='lat' dir='ltr'><strong><em>ceterorum</em></strong></span> <span class='ocrx_word' id='word_1_340' title='bbox 2550 4354 2872 4397; x_wconf 89' lang='lat' dir='ltr'><strong><em>munerum</em></strong></span> <span class='ocrx_word' id='word_1_341' title='bbox 2940 4338 2945 4343; x_wconf 74' lang='grc'><strong>”</strong></span> 
     </span>
     <span class='ocr_line' id='line_1_38' title="bbox 616 4433 2869 4521; baseline 0.002 -24"><span class='ocrx_word' id='word_1_342' title='bbox 616 4433 834 4517; x_wconf 72' lang='grc' dir='ltr'>(πρὸς</span> <span class='ocrx_word' id='word_1_343' title='bbox 876 4437 1220 4521; x_wconf 84' lang='grc' dir='ltr'><em>μίμησιν</em></span> <span class='ocrx_word' id='word_1_344' title='bbox 1279 4444 1407 4500; x_wconf 74' lang='grc' dir='ltr'><strong><em>ταῖν</em></strong></span> <span class='ocrx_word' id='word_1_345' title='bbox 1463 4442 1689 4501; x_wconf 73' lang='grc' dir='ltr'><em>λοιπῶν</em></span> <span class='ocrx_word' id='word_1_346' title='bbox 1750 4436 2333 4519; x_wconf 72' lang='grc' dir='ltr'><strong><em>λειτουργημάτων).</em></strong></span> <span class='ocrx_word' id='word_1_347' title='bbox 2424 4437 2622 4501; x_wconf 84' lang='lat' dir='ltr'><strong>Simili</strong></span> <span class='ocrx_word' id='word_1_348' title='bbox 2688 4439 2869 4503; x_wconf 90' lang='lat' dir='ltr'><strong><em>modo</em></strong></span> 
     </span>
     <span class='ocr_line' id='line_1_39' title="bbox 613 4540 2866 4629; baseline 0.002 -26"><span class='ocrx_word' id='word_1_349' title='bbox 613 4540 682 4603; x_wconf 90' lang='grc' dir='ltr'><strong><em>ΙΙ</em></strong></span> <span class='ocrx_word' id='word_1_350' title='bbox 730 4544 830 4623; x_wconf 92' lang='grc'><strong><em>10,</em></strong></span> <span class='ocrx_word' id='word_1_351' title='bbox 867 4545 943 4604; x_wconf 90' lang='grc'><strong><em>10</em></strong></span> <span class='ocrx_word' id='word_1_352' title='bbox 991 4543 1090 4605; x_wconf 80' lang='lat' dir='ltr'><strong><em>acl</em></strong></span> <span class='ocrx_word' id='word_1_353' title='bbox 1134 4544 1678 4608; x_wconf 85' lang='lat' dir='ltr'><strong><em>imitationem</em></strong></span> <span class='ocrx_word' id='word_1_354' title='bbox 1718 4542 1983 4629; x_wconf 76' lang='lat' dir='ltr'><strong><em>pristini</em></strong></span> <span class='ocrx_word' id='word_1_355' title='bbox 2018 4542 2311 4626; x_wconf 83' lang='lat' dir='ltr'><strong><em>familiae</em></strong></span> <span class='ocrx_word' id='word_1_356' title='bbox 2356 4544 2651 4629; x_wconf 87' lang='lat' dir='ltr'><strong><em>emptoris</em></strong></span> <span class='ocrx_word' id='word_1_357' title='bbox 2697 4564 2866 4609; x_wconf 86' lang='lat' dir='ltr'><strong><em>usur-</em></strong></span> 
     </span>
    </p>
   </div>
  </div>
 </body>
</html>
