3150 5259
643 504 724 564 ss
1698 496 1835 581 [ss]

642 692 1028 757 continetur:
1090 692 1191 755 ΙΙΙ
1253 696 1327 773 6,
1398 694 1432 755 7
1492 690 1790 753 hactenus
1866 690 2321 753 ostendisse
2384 690 2657 774 sufficiet
2686 688 2711 771 Η
2748 692 2823 769 9,
2869 692 2908 753 5

641 816 776 859 eam
853 846 867 859 .
918 846 932 861 .
984 846 997 860 .
1073 814 1530 879 supervacuam
1608 793 2114 857 ostendimus
2146 791 2169 874 ΙΙ
2204 796 2276 873 9,
2331 795 2405 856 12
2472 795 2530 857 si
2592 793 2907 857 indicium

644 900 1098 963 ostenderit
1149 897 1175 979 ΙΙ
1228 901 1340 975 11,
1408 900 1445 959 4
1520 902 1669 960 tunc
1746 898 2171 961 constitutioni
2242 896 2443 959 loe-um
2517 915 2643 960 esse
2715 895 2903 961 verba

643 1003 1092 1067 ostendunt
1123 1000 1147 1085 ΙΙ
1182 999 1278 1064 IV
1328 1004 1384 1082 6,
1421 1002 1458 1063 3
1503 1001 1927 1063 necessarium
1973 1006 2060 1063 est
2106 1001 2398 1084 exemplis
2443 999 2907 1083 ostenderes

646 1110 701 1185 7,
722 1128 816 1191 pr.
866 1108 1214 1189 separatim
1259 1103 1779 1169 ostendimus.
1869 1103 2049 1167 Illius
2081 1104 2215 1167 vice
2246 1104 2591 1187 funguntur
2622 1105 2686 1168 in
2728 1104 2907 1168 libris

641 1210 676 1275 I
707 1218 771 1275 et
803 1209 870 1273 II
913 1208 1069 1272 haec
1116 1208 1329 1287 verba,
1376 1228 1542 1292 quae
1588 1208 1653 1270 in
1687 1206 2147 1291 posterioribus
2192 1228 2319 1271 non
2353 1215 2611 1273 extant:
2659 1207 2691 1270 I
2726 1212 2829 1290 25,
2865 1211 2903 1271 6

641 1316 699 1378 si
757 1315 896 1399 quis
951 1315 1258 1397 imparem
1316 1332 1378 1376 se
1439 1312 1615 1375 oneri
1670 1312 1953 1375 iniuncto
2008 1313 2210 1393 possit
2266 1311 2308 1373 d
2328 1331 2361 1374 o
2380 1333 2551 1376 cere
2580 1311 2605 1393 {l
2637 1311 2704 1375 II
2756 1316 2811 1393 7,
2865 1313 2904 1374 2

641 1440 780 1483 cum
811 1417 1084 1481 donator
1127 1465 1142 1481 .
1177 1466 1192 1480 .
1227 1466 1240 1481 .
1273 1412 1653 1481 voluntatem
1682 1415 2371 1499 manifestaverit
2402 1416 2425 1499 Η
2460 1419 2557 1494 23,
2593 1418 2666 1479 12
2710 1436 2904 1501 neque

641 1543 714 1586 ex
780 1523 1106 1605 scriptura
1173 1542 1362 1605 neque
1429 1541 1504 1585 ex
1577 1523 1843 1606 quinque
1908 1521 2157 1585 testium
2218 1540 2476 1584 numero
2541 1540 2643 1584 res
2705 1521 2905 1603 possit

641 1626 1197 1708 manifestari.

850 1757 950 1820 11.
1040 1755 1328 1820 Verbum
1369 1756 1729 1837 periclitari
1770 1756 1970 1821 semel
2012 1755 2248 1839 legitur
2296 1754 2392 1819 IV
2424 1760 2482 1837 6,
2516 1756 2629 1818 35:
2673 1754 2733 1817 si
2760 1756 2901 1838 quis

641 1858 824 1923 aliud
839 1878 956 1942 pro
979 1859 1105 1922 alio
1124 1858 1479 1938 intenderit,
1498 1858 1657 1923 nihil
1674 1879 1811 1923 eum
1825 1880 1871 1942 p
1886 1881 1916 1923 e
1932 1881 1969 1921 r
1986 1862 2007 1922 i
2026 1861 2227 1924 etita
2244 1860 2323 1922 ri
2345 1860 2554 1942 placet
2571 1856 2894 1942 (Theoph.

640 1961 749 2026 οὐκ
810 1961 974 2026 ἔσται
1039 1961 1218 2050 αὐτῷ
1282 1959 1350 2026 τὸ
1412 1969 1686 2042 πταῖσμα
1730 1961 2114 2047 ἐπιζήμιον);
2180 1963 2287 2027 cfr.
2336 1963 2435 2028 IV
2480 1966 2538 2043 6,
2584 1964 2667 2027 34
2723 1963 2901 2025 sine

631 2068 1010 2150 periculo
1074 2068 1228 2151 aqit.
1321 2065 1561 2130 Contra
1606 2066 1676 2129 ΙΙ
1727 2069 1823 2149 16,
1870 2068 1941 2130 3:
2006 2074 2076 2131 ut
2137 2070 2395 2148 timeret,
2436 2086 2508 2130 ne
2552 2066 2738 2149 filius
2784 2115 2798 2128 .
2836 2116 2851 2130 .
2886 2113 2900 2127 .

636 2171 1016 2254 periculo
1071 2170 1459 2234 insidiarum
1519 2169 2038 2235 subiceretur
2100 2179 2164 2236 et
2225 2173 2445 2235 eadem
2492 2169 2557 2254 §z
2616 2169 2901 2253 quamvis

641 2273 753 2337 hoc
791 2275 1036 2358 pupillo
1070 2276 1638 2357 periculosum
1682 2276 1807 2339 sit.

856 2405 947 2467 12.
1037 2404 1358 2486 Polliceri,
1421 2404 1592 2490 quod
1653 2405 1919 2469 verbum
1975 2404 2119 2468 libri
2166 2404 2199 2467 Ι
2246 2410 2309 2467 et
2355 2402 2424 2466 II
2470 2404 2786 2487 ignorant,
2834 2404 2897 2466 in

639 2506 896 2592 reliquis
943 2529 1067 2572 non
1111 2509 1311 2571 multo
1359 2510 1562 2573 rarius
1610 2529 1799 2593 quam
1838 2510 2199 2592 promittere
2244 2513 2618 2591 usurpatur:

764 2635 1149 2717 1111,12;
1218 2640 1289 2720 5,
1337 2640 1402 2715 53
1483 2640 1541 2721 9,
1590 2635 1663 2721 3;’

641 2743 700 2819 9,
749 2742 861 2823 103
927 2737 1024 2803 IV
1073 2744 1130 2822 7,
1182 2744 1250 2804 1:
1307 2742 1663 2824 pollicetur.

766 2860 870 2923 III
915 2863 973 2944 5,
1021 2863 1057 2924 5
1113 2863 1430 2945 promittit
1461 2863 1484 2943 ΙΙ
1519 2865 1576 2944 9,
1625 2866 1663 2927 8
2001 2862 2032 2925 Ι
2064 2864 2165 2944 21,
2196 2884 2287 2947 pr.
2328 2862 2706 2945 promittant
2736 2859 2760 2943 ΙΙ
2793 2864 2897 2941 25,

632 2966 1030 3047 promittitur
1061 2965 1084 3046 Η
1119 2968 1177 3048 6,
1233 2968 1309 3029 10
1345 2968 1663 3049 promitti·
1877 2970 1914 3030 9
1939 2967 2368 3050 promiserunt
2398 2966 2423 3049 ss
2454 2965 2525 3029 II
2551 2968 2649 3045 13,
2684 2968 2716 3029 7
2744 2985 2898 3049 pro-

639 3073 745 3130 tur
776 3068 800 3146 Η
830 3065 929 3131 IV
963 3071 1021 3147 2,
1045 3070 1083 3131 2
1115 3070 1404 3152 promisit
1437 3069 1460 3152 ΙΙ
1503 3076 1596 3149 11,
1624 3073 1664 3132 4
1872 3072 2082 3135 mittit.

635 3173 994 3253 promiserit
1024 3172 1049 3254 ΙΙ
1087 3173 1187 3255 13,
1232 3175 1253 3232 l
1288 3175 1662 3256 promisisti.

853 3364 944 3425 13.
1035 3361 1317 3426 Verbum
1364 3363 1722 3445 reformare
1767 3366 2091 3449 proprium
2139 3370 2234 3429 est
2262 3365 2545 3429 solorum
2588 3362 2895 3426 librorum

639 3463 672 3527 I
718 3471 780 3528 et
825 3464 928 3528 II:
975 3466 1008 3529 Ι
1059 3469 1156 3547 12,
1203 3470 1240 3530 6
1286 3474 1504 3533 nostra
1537 3470 1945 3553 providentia
1988 3470 2101 3534 hoc
2145 3472 2227 3534 in
2270 3470 2555 3533 melius
2592 3487 2716 3550 per
2760 3486 2895 3530 con·

639 3570 1018 3635 stitutionem
1046 3592 1084 3633 r
1099 3572 1186 3655 ef
1191 3594 1224 3635 o
1240 3594 1348 3636 rm
1369 3593 1456 3636 av
1473 3575 1539 3636 it
1563 3572 1885 3659 (Theoph.
1910 3573 2111 3656 γέγονε
2136 3571 2392 3649 διάταξις
2418 3622 2433 3637 .
2454 3622 2467 3637 .
2490 3620 2526 3652 .,
2551 3568 2684 3654 ἥτις
2706 3572 2803 3634 ἐπὶ
2824 3566 2896 3632 ni

636 3670 872 3752 βέλτιον
917 3670 1111 3757 ἤγαγε
1156 3674 1383 3758 ταῦτα)
1416 3677 1440 3758 Η
1473 3676 1543 3740 II
1590 3680 1673 3741 20
1694 3728 1710 3758 ,
1760 3681 1838 3741 23
1886 3698 1961 3741 ex
2020 3678 2453 3742 constitutione
2508 3682 2728 3739 nostra
2784 3673 2895 3737 hoc

636 3777 719 3840 in
762 3780 1169 3843 meliorem
1213 3786 1519 3844 statum
1551 3782 2102 3863 reformatum
2140 3788 2257 3845 est
2288 3778 2607 3863 (Theoph.
2642 3776 2895 3852 διάταξις

637 3880 699 3943 δὲ
721 3887 830 3943 τοῦ
847 3880 1173 3945 θειοτάτου
1192 3880 1370 3965 ἡμῶν
1385 3881 1676 3964 βασιλέως
1695 3886 1792 3947 καὶ
1813 3886 1994 3948 τοῦτο
2012 3883 2357 3967 μετήγαγεν
2380 3885 2479 3947 ἐπὶ
2511 3880 2578 3945 τὸ
2606 3879 2893 3963 κάλλιον).

636 3982 798 4047 Fere
843 3983 1009 4048 idem
1059 3987 1452 4071 significatur
1497 3987 1611 4065 IV,
1659 3990 1716 4069 2,
1758 3993 1785 4052 1
1839 3988 1958 4051 hoo
1990 3988 2207 4053 modo:
2251 3988 2435 4051 meli
2454 4007 2538 4051 us
2587 3984 2891 4050 divalibus

636 4090 1172 4154 constitutionibus
1237 4112 1360 4174 pro
1427 4092 1545 4156 hae
1606 4100 1791 4176 parte
1846 4114 1897 4177 p
1919 4099 2373 4176 rospeetu‘m
2418 4098 2572 4173 est,
2619 4096 2691 4155 ut
2751 4141 2765 4154 .
2810 4138 2823 4152 .
2872 4138 2885 4152 .

640 4190 958 4279 (Theoph.
992 4191 1282 4279 καλλίστη
1330 4194 1571 4278 γέγονεν
1615 4198 1679 4261 ἐκ
1725 4200 1848 4260 τῶν
1894 4198 2083 4260 θείων
2128 4194 2453 4271 διατάξεων
2506 4196 2601 4259 ἐπὶ
2658 4191 2893 4257 τούτων

635 4297 906 4379 φροντίς,
954 4295 1108 4361 ὥστε
1159 4348 1171 4361 .
1207 4349 1220 4363 .
1259 4297 1328 4381 ..)

841 4437 934 4498 14.
1029 4435 1217 4510 Quod
1249 4438 1514 4502 verbum
1545 4438 1785 4519 referri
1812 4439 1880 4503 II
1917 4441 2015 4521 10,
2049 4441 2087 4502 2
2132 4438 2242 4503 sed
2261 4438 2604 4522 praedicta
2644 4436 2888 4522 quidem

631 4541 886 4603 nomina
946 4546 1453 4607 testamentorum
1513 4544 1600 4608 ad
1658 4546 1762 4608 ius
1823 4543 1997 4608 civile
2047 4565 2128 4607 re
2127 4543 2185 4629 f
2190 4563 2320 4607 ere
2338 4542 2671 4624 bantur,
2728 4540 2893 4605 idem
