3150 5259
617 520 700 582 44
1672 516 1805 601 [94]

819 713 879 775 3.
970 710 1324 795 discrepare
1367 708 1715 774 dictionem
1760 710 1905 772 libri
1950 708 2045 775 IV
2076 711 2247 774 tituli
2278 710 2500 778 XVIII
2530 734 2569 777 a
2599 714 2893 781 dictione

616 814 920 877 librorum
964 812 1052 879 III
1101 820 1162 878 et
1206 811 1302 878 IV
1357 816 1593 892 1—-17,
1652 813 1739 876 ita
1785 818 2017 893 tamen,
2062 821 2135 878 ut
2178 818 2553 899 nesciamus,
2600 841 2755 883 num
2801 821 2883 901 is,

619 919 724 1001 qui
767 920 962 982 libros
1006 916 1131 983 Iet
1161 915 1218 982 II
1264 917 1638 1011 composuit,
1686 916 1954 981 eandem
1986 920 2367 984 sententiam
2398 921 2598 985 isdem
2646 924 2883 1007 quibus

615 1022 837 1086 titulus
884 1021 978 1087 IV
1030 1024 1106 1085 18
1154 1021 1363 1085 verbis
1410 1021 1765 1105 exprimere
1810 1022 2039 1085 solitus
2086 1022 2199 1087 sit:

823 1123 891 1208 a)
937 1124 1032 1191 IV
1080 1127 1179 1206 18,
1227 1127 1265 1187 8
1312 1126 1419 1209 qui
1475 1145 1687 1207 opem
1714 1126 1977 1209 flaqitio
2040 1126 2491 1211 dederuntll
2527 1130 2625 1206 18,
2674 1134 2711 1195 9
2768 1134 2884 1217 qui

615 1230 1170 1293 ministerium
1214 1230 1302 1293 eis
1331 1229 1419 1292 ad
1455 1228 1570 1292 hoc
1617 1228 2187 1315 adhibuerunt.
2278 1232 2608 1299 Habemus
2654 1240 2873 1300 autem

616 1331 711 1398 IV
763 1336 814 1410 1,
869 1337 932 1396 ll
990 1335 1099 1417 qui
1139 1333 1382 1396 nullam
1430 1352 1757 1416 operam
1802 1333 1891 1396 ad
1919 1332 2185 1415 furtum
2220 1336 2587 1417 faciendum
2642 1338 2881 1403 adhi-

617 1436 808 1501 buit

822 1541 890 1622 b)
935 1540 1029 1606 IV
1065 1542 1163 1619 18,
1191 1542 1227 1602 9
1274 1541 1382 1624 qui
1428 1589 1442 1603 .
1481 1589 1494 1604 .
1529 1588 1544 1601 .
1590 1538 1878 1622 publicas
1901 1542 2204 1622 pecunias
2247 1542 2880 1629 subtraxerunt3

616 1644 726 1709 cfr.
773 1643 868 1710 IV
921 1648 974 1723 1,
1009 1645 1084 1706 12
1129 1644 1238 1727 qui
1279 1644 1350 1705 in
1383 1644 1750 1725 parentium
1795 1644 1887 1706 vel
1931 1643 2325 1709 dominorum
2359 1653 2665 1729 potestate
2704 1655 2877 1729 sunt,

612 1750 670 1811 si
712 1768 842 1811 rem
889 1749 978 1811 eis
1020 1746 1523 1829 subripiant.
1614 1744 1897 1809 Verbum
1964 1746 2327 1811 subtrahere
2390 1757 2603 1813 autem
2661 1751 2723 1813 in
2782 1749 2879 1816 III

621 1857 672 1921 1,
720 1855 820 1933 2⁸,
867 1874 992 1937 quo
1039 1872 1166 1914 uno
1227 1851 1368 1916 loco
1433 1852 1801 1935 posterioris
1846 1851 2324 1916 Institutionum
2367 1854 2563 1938 partis
2620 1854 2881 1938 legitur,

614 1977 872 2041 prorsus
919 1956 1043 2020 alio
1090 1955 1282 2019 modo
1319 1959 1695 2037 usurpatur:
1742 1955 1988 2017 etiamsi
2035 2004 2049 2019 .
2084 2004 2098 2019 .
2134 2005 2148 2019 .
2194 1958 2335 2020 nati
2378 1956 2468 2020 ab
2511 1957 2653 2020 hae
2694 1958 2879 2021 luce

614 2059 1026 2125 subtracti
1064 2060 1412 2141 fuerint.

811 2168 871 2227 4.
961 2186 1087 2228 uno
1136 2169 1383 2226 tantum
1429 2162 1721 2244 exemplo
1770 2162 2125 2225 consentire
2172 2160 2509 2227 dictionem
2565 2164 2729 2227 tituli
2773 2163 2875 2228 IV

618 2271 690 2331 18
723 2290 868 2331 cum
897 2268 1071 2331 libris
1111 2266 1198 2332 III
1226 2275 1289 2329 et
1312 2265 1407 2331 IV
1438 2269 1467 2328 1
1495 2266 1641 2327 -17
1691 2265 1801 2346 ita,
1846 2274 1919 2328 ut
1965 2264 2214 2329 differat
2239 2288 2276 2329 a
2322 2267 2627 2331 librorum
2670 2267 2698 2333 Ι
2724 2275 2786 2331 et
2812 2266 2874 2333 II

612 2371 1100 2436 consuetudine:
1144 2369 1238 2436 IV
1289 2371 1402 2443 18,
1455 2371 1530 2432 12
1577 2370 1859 2453 alioquin
1920 2369 2285 2453 diliyentior
2340 2390 2550 2435 eorum
2613 2372 2877 2435 scientia

608 2476 774 2540 vobis
818 2496 891 2539 ex
935 2474 1392 2540 latioribus
1439 2474 1822 2557 diqestorum
1867 2475 1992 2537 sive
2031 2474 2490 2557 pandectarum
2534 2474 2713 2539 libris
2758 2476 2875 2539 deo

489 2608 493 2612 ¹
607 2581 882 2663 propitio
928 2580 1280 2644 adventura
1325 2585 1431 2642 est.

809 2683 946 2747 Iam
990 2704 1135 2767 pag.
1177 2686 1250 2745 15
1298 2682 1731 2746 demonstravi
1777 2681 2154 2745 adiectivum
2201 2683 2371 2745 latus
2416 2683 2478 2746 in
2524 2681 2757 2747 librisI
2801 2688 2870 2746 et

607 2785 664 2851 II
710 2788 964 2850 omnino
1010 2806 1138 2850 non
1183 2786 1333 2869 legi,
1392 2806 1468 2848 eo
1532 2786 1784 2870 saepius
1848 2794 2062 2849 autem
2123 2786 2185 2847 in
2248 2786 2421 2850 libris
2484 2785 2570 2852 III
2636 2792 2697 2850 et
2741 2784 2873 2851 IV:

604 2888 691 2955 III
746 2893 836 2967 12,
885 2912 976 2974 pr.
1035 2910 1110 2953 ex
1165 2888 1630 2954 latioribus
1688 2889 2073 2972 diqestorum
2117 2889 2314 2970 librae,
2363 2888 2473 2954 cfr.
2526 2888 2617 2954 IV
2664 2893 2738 2972 6,
2784 2892 2867 2971 23

609 2996 668 3074 6,
717 3000 791 3072 53
839 2994 896 3070 6,
945 2994 1054 3071 373
1110 2994 1207 3073 13,
1255 2993 1480 3073 6314,
1527 2993 1589 3056 3.

806 3098 1031 3180 Itaque
1093 3117 1232 3158 cum
1298 3093 1758 3157 Huschkianae
1823 3094 2220 3158 coniecturae
2284 3094 2386 3158 hic
2450 3116 2613 3159 unus
2676 3114 2868 3177 quem

605 3201 892 3263 ultimum
934 3199 1054 3263 feci
1100 3199 1278 3261 locus
1325 3203 1655 3282 repugnet,
1699 3218 1826 3260 non
1858 3197 2359 3282 improbabiliter
2389 3199 2674 3263 conicere
2710 3198 2869 3261 mihi

608 3303 826 3389 videor
872 3311 1018 3387 post
1063 3302 1426 3365 absolutum
1458 3301 1940 3365 Institutionum
1988 3322 2237 3387 corpus,
2284 3303 2454 3387 quod
2500 3302 2673 3366 libris
2704 3300 2750 3366 I.
2780 3299 2864 3366 ΙΙ.

607 3406 710 3472 ΙΙΙ.
757 3405 852 3472 IV
904 3408 1106 3469 1-17
1157 3405 1565 3482 efficiebatur,
1614 3404 2069 3469 Tribonianum
2124 3406 2459 3470 Dorotheo
2505 3404 2869 3483 mandasse,

605 3517 676 3572 ut
720 3509 972 3573 titulum
1019 3507 1114 3573 IV
1146 3512 1224 3572 18
1271 3510 1696 3593 supplementi
1744 3511 1886 3573 loco
1935 3518 2361 3594 componeret,
2408 3509 2867 3573 Tribonianum

605 3619 818 3677 autem
862 3614 1089 3699 ipsum,
1136 3634 1276 3676 cum
1309 3612 1623 3676 Dorothei
1668 3614 1935 3679 schedas
1982 3615 2336 3700 perlegeret
2369 3614 2866 3698 corriget-etque,

605 3716 987 3781 adiectivum
1033 3716 1361 3780 latioribus
1406 3716 1745 3780 addidisse.
1820 3717 2219 3803 Quamquam
2269 3718 2419 3781 alias
2467 3737 2581 3780 nec
2626 3737 2867 3801 paucas

608 3821 742 3883 vias
806 3820 886 3884 ad
945 3821 1276 3885 leviculam
1341 3821 1502 3883 hanc
1564 3820 2018 3903 differentiam,
2083 3843 2246 3907 quae
2308 3823 2469 3887 inter
2524 3822 2869 3885 dictionem

606 3924 772 3987 tituli
793 3923 888 3989 IV
922 3927 1000 3987 18
1027 3930 1091 3987 et
1115 3923 1453 3989 dictionem
1475 3925 1783 3989 librorum
1806 3923 1831 3989 Ι
1857 3933 1920 3991 et
1945 3924 2002 3990 II
2033 3926 2387 4007 intercedit,
2419 3926 2867 4009 explicandam

605 4035 828 4111 patere
875 4034 1366 4093 consentaneum
1414 4038 1528 4094 est.

1476 4299 2033 4307 ——————-—---—---—-——
