3150 5259
1337 483 1472 571 [65]
2450 484 2531 554 15

264 689 500 747 statum
557 681 848 746 reducere
895 686 960 744 et
1004 682 1073 744 in
1109 680 1458 763 pristinum
1504 684 1740 743 statum
1784 679 2063 762 reduait,
2108 679 2175 744 H
2222 682 2279 763 8,
2326 702 2421 764 pr.
2464 683 2533 744 in

263 787 573 849 meliorem
641 792 877 849 statum
941 784 1310 849 dedum-imus
1325 832 1344 864 ,
1401 782 1476 846 II
1522 784 1636 860 20,
1683 784 1765 845 23
1809 784 1878 846 in
1934 786 2245 849 meliorem
2300 791 2534 849 statum

263 890 680 973 reformatum
725 895 832 953 est.
920 887 998 951 In
1042 888 1252 951 locum
1298 888 1522 950 talium
1575 887 2083 951 enuntiationum
2128 888 2534 952 substituitur

264 990 360 1054 IV
401 994 458 1073 2,
495 996 524 1057 1
575 993 796 1057 melius
841 1039 856 1054 .
893 1040 906 1055 .
943 1040 957 1055 .
1008 988 1547 1055 constitutionibus
1583 1009 1707 1073 pro
1753 990 1873 1054 hac
1907 998 2099 1074 parte
2135 999 2532 1077 prospectum

271 1102 377 1176 est,
420 1103 492 1160 ut
539 1144 552 1159 .
587 1147 601 1161 .
638 1148 651 1162 .
1290 1094 1298 1111 ‘
1389 1176 1392 1179 p

469 1203 526 1263 7.
615 1200 744 1263 Pro
781 1198 964 1283 furti
1007 1200 1246 1279 vitium,
1297 1198 1467 1283 quod
1514 1204 1694 1261 extat
1740 1198 1807 1262 II
1856 1203 1914 1278 6,
1964 1202 2003 1263 4
2050 1202 2291 1285 quippe
2318 1220 2392 1263 ea
2436 1219 2538 1263 res

266 1304 335 1367 in
365 1303 601 1386 furti
643 1306 942 1367 vitium
987 1324 1113 1367 non
1160 1303 1446 1366 ceciderit
1478 1300 1624 1385 (cfr.
1656 1305 2005 1367 testamenti
2034 1305 2134 1366 ius
2180 1304 2537 1369 vitiatur

271 1406 339 1471 II
389 1407 614 1492 17,1),
651 1408 886 1491 legitur
918 1406 1013 1471 IV
1052 1409 1220 1487 1,12
1250 1428 1353 1471 res
1394 1408 1462 1471 in
1491 1407 1916 1489 furtivam
1962 1428 2297 1473 causam
2345 1408 2533 1474 cadit.

1327 1652 1468 1733 §6.

1148 1762 1645 1830 Adiectiva.

477 1934 535 1997 1.
625 1930 890 1995 Firmus
956 1932 1006 1994 is
1075 1936 1202 2011 est,
1274 1931 1381 2015 qui
1451 1930 1714 2013 infringi
1779 1950 1905 1992 non
1948 1936 2189 2015 potest:
2249 1931 2285 1995 I
2347 1935 2405 2012 2,
2456 1935 2527 1996 11

267 2037 607 2101 naturalia
664 2037 818 2098 iura
879 2083 894 2098 .
929 2082 942 2096 .
979 2083 994 2098 .
1054 2054 1292 2116 semper
1336 2032 1621 2117 firma
1681 2084 1695 2098 .
1732 2082 1794 2097 ..
1844 2042 2249 2116 permanent3
2309 2036 2420 2099 cfr.
2466 2035 2536 2099 II

274 2142 481 2222 10,14
527 2146 956 2204 testamentum
990 2138 1344 2221 firmum
1392 2140 1792 2202 constitutum
1824 2136 1846 2219 ΙΙ
1880 2140 1955 2201 21
2012 2140 2323 2223 ademptio
2369 2141 2535 2224 ἱερα-

267 2252 474 2309 torum
520 2295 535 2308 .
571 2295 585 2309 .
623 2294 636 2308 .
668 2244 946 2327 firma
976 2250 1078 2307 est.
1139 2241 1294 2305 ‘Vno
1323 2264 1443 2326 quo
1488 2244 1554 2305 in
1586 2242 2033 2327 posterioribus
2059 2244 2235 2307 libris
2268 2244 2535 2308 occurrit

267 2350 409 2412 loco
440 2348 706 2412 eandem
751 2348 882 2410 vim
926 2346 1122 2410 habet
1166 2368 1356 2430 quam
1389 2346 1705 2410 ‘robustus’
1736 2347 1866 2411 sive
1912 2343 2185 2431 ‘corpore
2230 2347 2531 2411 validus':

267 2450 367 2516 IV
399 2454 456 2533 3,
491 2454 530 2514 8
564 2471 702 2515 cum
739 2452 903 2515 alius
927 2450 1268 2533 firmior
1299 2452 1564 2514 retinere
1594 2451 1799 2515 mulas
1820 2453 2127 2535 potuisset
2162 2448 2297 2536 (ὑφ’
2324 2449 2533 2533 ἑτέρου

266 2561 567 2636 μᾶλλον
612 2552 1089 2634 εὖσθενοῦς).

474 2660 533 2722 2.
623 2656 946 2722 Adiectivi
990 2659 1156 2721 latus
1219 2656 1292 2739 (i.
1340 2679 1395 2721 e.
1443 2654 1719 2743 ‘amplus'
1766 2680 1839 2723 ac
1882 2665 2211 2743 tamquam
2256 2656 2535 2724 ‘volumi-

267 2758 522 2845 nosus'),
570 2761 736 2846 quod
782 2762 845 2826 in
891 2761 1068 2825 libris
1111 2761 1147 2825 I
1193 2768 1255 2825 et
1284 2761 1354 2825 II
1398 2758 1478 2825 ne
1522 2763 1719 2826 semel
1766 2763 2021 2847 quidem
2065 2764 2321 2847 legitur,
2368 2785 2533 2827 com-

267 2867 594 2950 parativus
659 2866 726 2929 in
791 2865 1030 2929 deliciis
1098 2870 1191 2929 est
1258 2866 1565 2928 librorum
1633 2866 1738 2929 III
1805 2873 1869 2930 et
1936 2866 2034 2931 IV
2108 2868 2530 2952 compositori.

268 2969 493 3054 Itaque
554 2969 588 3032 I
650 2972 764 3049 10,
830 2972 898 3032 11
965 2970 1176 3033 ieiuna
1237 2990 1312 3033 ac
1381 2970 1655 3053 simplex
1719 2971 1790 3033 fit
1858 2970 2300 3054 Digestorum,
2370 2992 2533 3055 quae

272 3075 389 3139 hoc
433 3074 580 3137 looo
629 3074 898 3157 primum
945 3075 1236 3153 citantur,
1283 3075 1549 3137 mentio:
1595 3094 1751 3158 quas
1795 3076 1863 3137 in
1909 3075 2087 3138 libris
2154 3076 2535 3159 diyestorum

265 3199 374 3241 seu
431 3179 898 3261 pandectarum
956 3199 1030 3241 ezr
1092 3180 1282 3241 veteri
1335 3180 1474 3241 iure
1521 3178 1917 3243 collectarum
1980 3180 2342 3243 enumerari
2393 3199 2537 3261 per·
2577 3211 2601 3228 .

273 3282 588 3363 misimus;
635 3282 947 3365 copiosior
993 3281 1104 3344 illa
1149 3286 1262 3359 est,
1311 3301 1435 3364 qua
1481 3287 1839 3345 constanter
1894 3289 2082 3367 atque
2128 3283 2210 3345 ad
2256 3281 2536 3346 taedium

267 3406 466 3468 usque
524 3391 787 3448 utuntur
846 3385 991 3448 libri
1053 3383 1157 3447 III
1217 3389 1281 3448 et
1324 3383 1452 3448 IV:
1512 3384 1617 3448 III
1670 3388 1767 3469 12,
1816 3407 1911 3469 pr.
1958 3386 2123 3470 quod
2168 3407 2242 3449 ex
2287 3387 2312 3449 l
2328 3385 2449 3447 ati
2464 3402 2537 3445 o-

268 3488 503 3552 ribus
566 3488 952 3572 diqestorum
1002 3488 1182 3551 libris
1239 3488 1592 3571 perfectius
1658 3490 1987 3573 apparebit
2036 3490 2061 3572 Η
2106 3489 2203 3554 IV
2259 3492 2327 3571 6,
2374 3490 2412 3552 2
2473 3491 2539 3552 in

269 3592 730 3655 latioribus
788 3592 1176 3674 diyestorum
1231 3592 1408 3655 libris
1458 3592 1481 3673 Η
1527 3590 1626 3656 IV
1674 3595 1732 3674 6,
1766 3596 1802 3656 5
1854 3614 1928 3657 ex
1973 3595 2289 3658 latiore
2335 3594 2538 3676 diqes-

271 3702 477 3759 torum
553 3716 660 3759 seu
730 3696 1189 3778 pandectarum
1249 3697 1557 3759 volumine
1588 3694 1612 3777 ΙΙ
1647 3699 1718 3779 6,
1782 3700 1861 3760 37
1926 3718 2001 3761 ea:
2080 3696 2540 3761 latioribus

271 3799 658 3881 diqestorum
730 3798 908 3863 libris
957 3798 981 3881 ΙΙ
1036 3801 1151 3879 13,
1220 3802 1258 3862 6
1321 3820 1395 3863 ecc
1458 3800 1906 3865 latioribus
1980 3802 2365 3885 diyestorum
2431 3820 2538 3863 seu

265 3903 731 3987 pandectarum
775 3902 952 3966 libris
993 3903 1016 3984 ΙΙ
1067 3906 1178 3983 14,
1225 3906 1262 3966 3
1310 3924 1384 3966 ex
1425 3906 1739 3969 latiore
1786 3905 2167 3989 diyestorum
2214 3906 2538 3969 volumine.

272 4005 451 4071 Oonf.
489 4007 693 4079 ⁴etiam
739 4005 904 4069 infra
947 4006 981 4087 ξ
1035 4009 1110 4069 14
1162 4006 1280 4069 sub
1330 4008 1540 4071 finem.

477 4114 538 4175 3.
626 4108 930 4193 Legimus
993 4109 1247 4195 quidem
1305 4110 1374 4173 II
1421 4114 1494 4189 9,
1540 4113 1581 4176 2
1627 4132 1701 4174 ex
1760 4113 2337 4176 anterioribus
2399 4131 2539 4174 con-

271 4214 694 4293 stitutionibus
745 4215 770 4293 11
822 4213 893 4277 Π
965 4216 1063 4294 11,
1133 4217 1171 4277 6
1241 4217 1723 4280 anteriores
1789 4217 1978 4300 leyes3
2041 4238 2163 4301 quo
2223 4238 2365 4280 cum
2423 4237 2542 4278 usu

273 4318 560 4401 congruit
604 4316 709 4380 ΙΙΙ
756 4319 812 4399 2,
862 4318 900 4379 3
921 4328 946 4351 ⁸
1005 4318 1514 4402 iurisprudentia
1557 4321 1773 4384 iunior
1818 4370 1831 4383 .
1866 4372 1879 4385 .
1914 4372 1927 4385 .
1973 4322 2257 4385 anteri
2276 4340 2381 4385 or.

477 4420 602 4485 Sed
677 4421 785 4505 qui
845 4420 949 4483 III
1014 4424 1085 4503 9,
1151 4423 1230 4485 12
1294 4427 1358 4485 et
1402 4424 1515 4502 23,
1575 4425 1615 4486 2
1677 4431 1980 4488 vocantur
2058 4424 2541 4487 anteriores

265 4526 587 4609 principes
619 4522 707 4606 (οἳ
736 4552 776 4586 π
795 4522 836 4586 οἱ
851 4530 884 4587 λ
904 4552 973 4588 αι
1017 4526 1326 4607 βασιλεῖς),
1357 4526 1551 4589 iidem
1584 4527 1850 4591 audiunt
1879 4527 1950 4591 II
1982 4530 2041 4607 7,
2075 4530 2114 4591 2
2148 4547 2286 4591 cum
2316 4532 2543 4590 retro

1184 4637 1191 4646 '
2304 4630 2338 4683 5
