3150 5259
649 539 732 602 24
1726 538 1867 623 [74]

647 734 976 811 gestorum
1036 731 1077 796 l.
1126 731 1163 793 l.
1221 733 1278 795 si
1337 730 1685 815 reperitur,
1746 730 2020 795 efficitur
2080 732 2357 817 quodam
2416 732 2625 797 studio
2690 733 2752 795 in
2798 733 2909 796 illa

649 831 1128 913 Institutionum
1173 841 1357 918 parte
1402 838 1460 899 si
1502 835 1684 899 modo
1731 836 1901 916 poni.

853 937 928 1001 In
974 938 1147 1002 libris
1193 936 1222 999 1
1269 944 1333 1001 et
1377 939 1446 1002 II
1490 941 1546 1003 si
1588 940 1768 1003 modo
1815 960 1941 1003 non
1988 941 2256 1025 amplius
2295 941 2390 1005 bis
2425 941 2729 1004 occurrit:
2774 940 2809 1003 I
2846 943 2907 1022 6,

654 1046 680 1105 1
731 1048 796 1105 et
839 1041 908 1104 II
952 1044 1054 1121 24,
1087 1044 1146 1107 2.
1239 1041 1478 1107 Contra
1522 1042 1587 1105 in
1632 1043 1832 1107 isdem
1880 1043 1972 1107 bis
2018 1051 2199 1109 extat
2246 1027 2595 1125 dummo‘dO,
2644 1042 2811 1127 quod
2844 1044 2907 1107 in

646 1145 821 1209 libris
867 1144 971 1208 III
1015 1150 1080 1208 et
1125 1145 1224 1209 IV
1271 1168 1398 1210 non
1442 1148 1711 1230 legitur:
1771 1146 1841 1210 ΙΙ
1890 1150 1999 1226 19,
2051 1150 2085 1211 7
2152 1148 2402 1211 dumm
2426 1148 2571 1211 odo
2632 1149 2792 1211 sciat
2824 1147 2915 1229 ΙΙΙ

649 1250 749 1325 26,
775 1249 811 1307 2
859 1249 1266 1313 dummodo
1309 1252 1767 1315 meminerimus
1786 1273 1813 1332 ;
1856 1250 2122 1334 Digesta
2169 1249 2433 1335 (XXVI
2485 1256 2581 1329 10,
2624 1253 2685 1335 1)
2730 1253 2914 1316 modo

651 1352 984 1435 praebent3
1030 1354 1209 1417 modo
1255 1362 1472 1419 autem
1515 1355 1577 1417 in
1628 1356 1762 1419 sola
1794 1355 1999 1437 priore
2033 1355 2513 1421 Institutionum
2560 1363 2741 1441 parte
2785 1358 2908 1440 sig-

647 1457 862 1520 nificat
904 1452 1118 1529 ‘nunc',
1163 1456 1360 1520 veluti
1406 1457 1477 1522 II
1523 1461 1583 1540 5,
1632 1461 1669 1522 6
1717 1459 1943 1522 modo
1987 1458 2311 1523 videamus
2344 1459 2435 1539 (in
2481 1459 2654 1523 libris
2699 1458 2805 1523 III
2850 1466 2917 1523 et

648 1559 748 1625 IV
793 1561 960 1625 hunc
1008 1582 1194 1624 usum
1243 1562 1496 1625 omnino
1544 1582 1673 1625 non
1720 1559 2231 1646 deprehendas).'

858 1664 1031 1729 Dum
1076 1660 1396 1746 tamen(==
1447 1662 1839 1749 ‘dummodo',
1888 1666 1993 1729 cfr.
2043 1663 2212 1730 Kalb
2257 1667 2297 1729 l.
2332 1688 2381 1729 c.
2413 1688 2475 1751 p.
2509 1666 2625 1749 88)
2672 1666 2737 1729 in
2783 1688 2913 1730 uno

650 1772 854 1854 primo
886 1768 1047 1832 libro
1080 1768 1349 1851 legitur:
1397 1772 1455 1848 6,
1481 1773 1516 1831 5
1568 1770 1747 1833 dum
1795 1776 2057 1834 tamen
2100 1772 2278 1833 intra
2320 1790 2428 1833 sex
2470 1790 2707 1833 menses
2750 1792 2916 1835 uxor

651 1874 923 1939 ducatur
966 1869 985 1957 ΙΙ
1035 1875 1146 1950 10,
1191 1892 1283 1956 pr.
1349 1873 1530 1937 dum
1588 1880 1845 1937 tamen
1896 1875 2023 1956 filii
2065 1874 2373 1957 familias
2434 1880 2489 1937 et
2554 1892 2963 1938 consensum*

649 1978 916 2042 habeant
951 1982 1313 2060 parentum.

859 2086 916 2145 4.
1003 2078 1198 2145 Nisi
1255 2079 1347 2143 bis
1417 2077 1550 2161 (ΙΙΙ
1598 2080 1656 2162 3,
1706 2102 1838 2165 pr.;
1886 2083 1996 2160 26,
2052 2083 2157 2161 11)
2204 2081 2441 2145 excidit
2485 2014 2914 2163 posteriorum

650 2189 957 2253 librorum
988 2186 1427 2273 compositoris
1462 2188 1745 2269 calamo,
1796 2194 2017 2251 contra
2060 2188 2188 2251 nisi
2220 2189 2277 2251 si
2306 2188 2472 2251 idem
2505 2193 2600 2251 ter
2632 2188 2912 2272 scripsit:

600 2287 604 2290 ’
653 2293 759 2357 ΙΙΙ
811 2295 906 2371 17,
954 2294 1020 2370 33
1070 2294 1182 2371 26,
1237 2294 1346 2372 113
1404 2293 1509 2374 25,
1557 2294 1594 2354 5
1644 2288 1799 2376 (quo
1845 2293 1989 2355 loco
2037 2290 2307 2375 Digesta
2368 2291 2570 2355 XVII
2617 2293 2676 2374 2,
2724 2292 2827 2371 65,
2875 2294 2910 2354 9

647 2397 778 2461 nisi
835 2395 1122 2473 habent).
1210 2394 1288 2457 In
1348 2393 1522 2457 libris
1584 2394 1618 2457 I
1664 2399 1727 2458 et
1772 2394 1839 2458 ΙΙ
1884 2401 2099 2459 autem
2158 2396 2287 2458 nisi
2345 2394 2744 2480 frequentius
2798 2400 2915 2469 est,

655 2498 768 2565 cfr.
815 2496 848 2559 I
894 2501 952 2576 6,
999 2500 1072 2579 53
1117 2497 1185 2560 II
1231 2500 1288 2579 3,
1336 2500 1374 2561 3
1425 2494 1621 2580 (bis);
1684 2502 1772 2578 14,
1822 2500 1897 2579 53
1949 2500 2049 2579 16,
2097 2500 2173 2579 5;
2225 2498 2351 2561 nisi
2396 2500 2454 2560 si
2496 2500 2561 2561 in
2608 2498 2703 2562 his
2750 2497 2910 2563 adeo

653 2625 780 2668 non
840 2601 1176 2686 reperitur,
1238 2607 1309 2663 ut
1367 2600 1436 2663 II
1486 2605 1598 2679 19,
1645 2604 1718 2683 5,
1779 2602 1885 2686 qui
1944 2603 2125 2665 locus
2172 2622 2253 2663 ex
2300 2602 2420 2665 Gai
2480 2603 2626 2666 inst.
2673 2601 2743 2665 ΙΙ
2794 2604 2910 2666 163

656 2707 884 2771 ductus
931 2712 1045 2788 est,
1091 2706 1261 2768 nisi
1303 2705 1513 2768 minor
1555 2706 1640 2768 sit
1683 2707 1893 2769 locum
1942 2705 2351 2789 occupaverit
2396 2704 2622 2769 Gaiani
2670 2706 2797 2769 nisi
2834 2706 2907 2769 si.

863 2813 922 2873 5.
971 2808 1156 2883 Quod
1180 2808 1412 2872 Graeci
1435 2806 1577 2891 (cfr.
1603 2808 1939 2894 Theophili
1966 2809 2071 2894 qui
2097 2809 2325 2873 dicitur
2350 2808 2649 2893 paraphr.
2668 2807 2905 2892 graec.)

656 2916 755 2979 ἐπὶ
787 2920 1078 2978 τοσοῦτον
1121 2910 1212 2976 ὅτι
1257 2912 1494 2995 dicunt,
1541 2913 1606 2976 in
1651 2912 1823 2976 libris
1870 2913 1901 2976 I
1935 2920 1998 2977 et
2029 2913 2097 2978 Π
2144 2914 2520 2997 exprimitur
2563 2913 2754 2978 modo
2801 2935 2910 2998 per

527 3025 536 3033 ’
653 3019 809 3083 adeo
853 3026 924 3081 ut
969 3016 1157 3081 modo
1201 3038 1315 3101 per
1359 3017 1430 3080 in
1474 3024 1719 3080 tantum
1762 3024 1864 3097 ut3
1924 3017 1985 3080 in
2052 3017 2228 3081 libris
2275 3017 2380 3081 III
2426 3023 2492 3081 et
2537 3016 2635 3080 IV
2696 3024 2907 3105 autem

655 3127 899 3187 tantum
947 3142 1060 3205 per
1107 3121 1260 3185 adeo
1303 3128 1407 3185 ut:

783 3226 938 3290 adeo
996 3232 1099 3290 ut:
1172 3225 1207 3289 I
1252 3227 1370 3307 25,
1423 3228 1536 3308 133
1612 3226 1683 3290 II
2018 3225 2171 3289 adeo
2380 3232 2489 3289 ut:
2534 3226 2639 3290 III
2684 3230 2743 3307 3,
2788 3247 2907 3311 ρης

659 3332 758 3411 16,
805 3332 863 3394 5.
1892 3331 1993 3409 25,
2042 3332 2112 3411 2;
2159 3331 2263 3411 26,
2311 3333 2388 3411 63
2436 3333 2539 3410 26,
2585 3332 2643 3393 8.

783 3434 854 3496 in
899 3439 1142 3497 tantum
1187 3482 1202 3499 .
1237 3483 1251 3498 .
1284 3482 1298 3496 .
1345 3443 1451 3500 ut:
1499 3436 1534 3499 I
1579 3437 1681 3514 25,

664 3538 779 3619 183
831 3540 910 3601 10
954 3559 1082 3620 pr.;
1127 3539 1197 3602 II
1242 3540 1343 3619 20,
1393 3542 1492 3603 36.

861 3642 1036 3707 Adeo
1091 3650 1163 3706 ut
1218 3644 1413 3728 igitur
1470 3662 1851 3727 quamquam
1913 3641 2077 3704 idem
2143 3640 2458 3724 significat
2520 3660 2633 3724 per
2698 3658 2910 3702 omnes

658 3750 959 3830 quattuor
1022 3747 1252 3829 libros,
1328 3754 1541 3811 tamen
1610 3746 1965 3811 coniunctio
2041 3746 2265 3808 barum
2339 3743 2714 3806 vocularum
2787 3762 2910 3805 non

659 3832 884 3914 eadem
935 3854 1030 3913 est
1072 3850 1136 3913 in
1186 3857 1458 3935 utraque
1503 3847 1988 3914 Institutionum
2032 3855 2233 3932 parte.
2305 3845 2599 3930 Namque
2640 3845 2705 3909 in
2752 3846 2911 3931 prio-

658 3952 831 4016 ribus
875 3953 1048 4017 libris
1094 3954 1288 4018 verba
1349 3955 1504 4018 adeo
1556 3961 1627 4018 ut
1671 3959 1801 4016 tam
1849 3962 1982 4016 arte
2028 3953 2192 4015 inter
2251 3972 2319 4014 se
2368 3951 2705 4015 coniuncta
2750 3953 2907 4027 sunt,

661 4063 731 4120 ut
775 4057 1017 4120 nullum
1063 4057 1234 4123 aliud
1268 4059 1645 4123 vocabulum
1693 4058 2071 4137 inculcetur,
2116 4058 2180 4121 in
2208 4054 2669 4140 posterioribus
2702 4059 2911 4117 autem

657 4182 972 4245 nusquam
1018 4182 1144 4225 non
1189 4161 1593 4227 intercedunt
1638 4161 1759 4225 alia
1808 4161 2153 4226 vocabula:

862 4265 895 4329 I
941 4268 1042 4344 25,
1079 4269 1156 4329 13
1196 4265 1605 4349 prohibentur
1650 4266 1736 4331 ad
1766 4267 2022 4330 tutelam
2068 4312 2082 4325 .
2116 4312 2130 4328 .
2166 4315 2180 4329 .
2230 4264 2545 4347 aspirare,
2592 4261 2789 4325 adeo
2832 4264 2912 4323 ut

657 4389 768 4432 nec
830 4372 1226 4435 excusatione
1292 4389 1447 4455 opus
1501 4371 1628 4454 fiat
1658 4370 1681 4451 Η
1714 4369 1784 4433 II
1842 4372 1953 4450 16,
2000 4372 2037 4433 5
2100 4367 2419 4451 pupillare
2486 4372 2910 4429 testamentum

655 4493 813 4555 pars
857 4482 914 4537 et
959 4477 1203 4560 sequela
1247 4482 1334 4539 est
1371 4476 1630 4561 paterni
1690 4475 2069 4556 testamenti,
2130 4472 2325 4537 adeo
2380 4477 2467 4535 ut
2513 4520 2527 4535 .
2562 4518 2577 4535 .
2612 4518 2627 4550 ,
2681 4489 2758 4533 ne
2782 4469 2911 4553 filii

659 4580 905 4668 quidem
951 4578 1462 4661 (testamentum)
1507 4578 1745 4645 valebit.
