<?xml version="1.0" encoding="UTF-8"?>
<!DOCTYPE html PUBLIC "-//W3C//DTD XHTML 1.0 Transitional//EN"
    "http://www.w3.org/TR/xhtml1/DTD/xhtml1-transitional.dtd">
<html xmlns="http://www.w3.org/1999/xhtml" xml:lang="en" lang="en">
 <head>
  <title>
</title>
<meta http-equiv="Content-Type" content="text/html;charset=utf-8" />
  <meta name='ocr-system' content='tesseract 3.04.00' />
  <meta name='ocr-capabilities' content='ocr_page ocr_carea ocr_par ocr_line ocrx_word'/>
</head>
<body>
  <div class='ocr_page' id='page_1' title='image "./deiustinianiins00grupgoog_0043.png"; bbox 0 0 3150 5259; ppageno 0'>
   <div class='ocr_carea' id='block_1_1' title="bbox 1376 500 2571 587">
    <p class='ocr_par' dir='ltr' id='par_1_1' title="bbox 1376 500 2571 587">
     <span class='ocr_line' id='line_1_1' title="bbox 1376 500 2571 587; baseline -0.004 -19"><span class='ocrx_word' id='word_1_1' title='bbox 1376 504 1510 587; x_wconf 79' lang='lat'>[91]</span> <span class='ocrx_word' id='word_1_2' title='bbox 2494 500 2571 565; x_wconf 83' lang='lat'><em>41</em></span> 
     </span>
    </p>
   </div>
   <div class='ocr_carea' id='block_1_2' title="bbox 303 682 2701 4626">
    <p class='ocr_par' dir='ltr' id='par_1_2' title="bbox 309 682 2619 879">
     <span class='ocr_line' id='line_1_2' title="bbox 309 682 2619 782; baseline -0.006 -17"><span class='ocrx_word' id='word_1_3' title='bbox 309 701 465 765; x_wconf 85' lang='lat' dir='ltr'><em>sulti</em></span> <span class='ocrx_word' id='word_1_4' title='bbox 511 697 898 782; x_wconf 75' lang='lat' dir='ltr'><strong>antiquioris,</strong></span> <span class='ocrx_word' id='word_1_5' title='bbox 945 695 1123 759; x_wconf 89' lang='lat' dir='ltr'><em>cuius</em></span> <span class='ocrx_word' id='word_1_6' title='bbox 1171 716 1252 758; x_wconf 88' lang='lat' dir='ltr'><em>ex</em></span> <span class='ocrx_word' id='word_1_7' title='bbox 1295 692 1457 757; x_wconf 89' lang='lat' dir='ltr'><em>libro</em></span> <span class='ocrx_word' id='word_1_8' title='bbox 1495 693 1959 776; x_wconf 87' lang='lat' dir='ltr'><em>profluxerunt,</em></span> <span class='ocrx_word' id='word_1_9' title='bbox 2005 712 2131 757; x_wconf 91' lang='lat' dir='ltr'><em>non</em></span> <span class='ocrx_word' id='word_1_10' title='bbox 2162 690 2379 755; x_wconf 85' lang='lat' dir='ltr'><em>addito</em></span> <span class='ocrx_word' id='word_1_11' title='bbox 2426 688 2576 753; x_wconf 83' lang='lat' dir='ltr'><em>affe·</em></span> <span class='ocrx_word' id='word_1_12' title='bbox 2616 682 2619 684; x_wconf 10' lang='grc' dir='ltr'><strong>Α</strong></span> 
     </span>
     <span class='ocr_line' id='line_1_3' title="bbox 317 803 674 879; baseline -0.006 -11"><span class='ocrx_word' id='word_1_13' title='bbox 317 812 546 868; x_wconf 88' lang='lat' dir='ltr'><em>runtur</em></span> <span class='ocrx_word' id='word_1_14' title='bbox 593 803 674 879; x_wconf 91' lang='lat' dir='ltr'><em>c).</em></span> 
     </span>
    </p>

    <p class='ocr_par' dir='ltr' id='par_1_3' title="bbox 308 898 2577 1505">
     <span class='ocr_line' id='line_1_4' title="bbox 520 898 2577 986; baseline -0.002 -18"><span class='ocrx_word' id='word_1_15' title='bbox 520 905 614 968; x_wconf 92' lang='lat' dir='ltr'><em>ad</em></span> <span class='ocrx_word' id='word_1_16' title='bbox 693 908 801 985; x_wconf 83' lang='lat' dir='ltr'><em>a):</em></span> <span class='ocrx_word' id='word_1_17' title='bbox 878 903 909 965; x_wconf 95' lang='lat' dir='ltr'>I</span> <span class='ocrx_word' id='word_1_18' title='bbox 971 905 1032 986; x_wconf 83' lang='lat'><em>4,</em></span> <span class='ocrx_word' id='word_1_19' title='bbox 1081 922 1174 985; x_wconf 89' lang='lat' dir='ltr'><em>pr.</em></span> <span class='ocrx_word' id='word_1_20' title='bbox 1235 907 1290 964; x_wconf 91' lang='lat' dir='ltr'><em>et</em></span> <span class='ocrx_word' id='word_1_21' title='bbox 1363 898 1818 963; x_wconf 80' lang='lat' dir='ltr'><em>Marcellus</em></span> <span class='ocrx_word' id='word_1_22' title='bbox 1880 898 2114 981; x_wconf 85' lang='lat' dir='ltr'><em>probat</em></span> <span class='ocrx_word' id='word_1_23' title='bbox 2144 898 2169 982; x_wconf 89' lang='grc' dir='ltr'><em>ΙΙ</em></span> <span class='ocrx_word' id='word_1_24' title='bbox 2205 901 2305 981; x_wconf 93' lang='grc'><em>10,</em></span> <span class='ocrx_word' id='word_1_25' title='bbox 2370 902 2407 962; x_wconf 87' lang='lat'>9</span> <span class='ocrx_word' id='word_1_26' title='bbox 2467 900 2577 964; x_wconf 82' lang='lat' dir='ltr'><em>sed</em></span> 
     </span>
     <span class='ocr_line' id='line_1_5' title="bbox 308 1002 2575 1088; baseline -0.003 -14"><span class='ocrx_word' id='word_1_27' title='bbox 308 1011 717 1074; x_wconf 86' lang='lat' dir='ltr'><em>Iulianus</em></span> <span class='ocrx_word' id='word_1_28' title='bbox 765 1008 858 1071; x_wconf 90' lang='lat' dir='ltr'><em>ait</em></span> <span class='ocrx_word' id='word_1_29' title='bbox 889 1004 913 1088; x_wconf 80' lang='grc' dir='ltr'><em>ΙΙ</em></span> <span class='ocrx_word' id='word_1_30' title='bbox 947 1007 1046 1088; x_wconf 87' lang='lat'><em>25,</em></span> <span class='ocrx_word' id='word_1_31' title='bbox 1081 1010 1144 1081; x_wconf 56' lang='lat'><em>‚2</em></span> <span class='ocrx_word' id='word_1_32' title='bbox 1205 1012 1273 1068; x_wconf 85' lang='lat' dir='ltr'><em>ut</em></span> <span class='ocrx_word' id='word_1_33' title='bbox 1321 1003 1855 1087; x_wconf 78' lang='lat' dir='ltr'><em>Papinianus</em></span> <span class='ocrx_word' id='word_1_34' title='bbox 1915 1022 2359 1085; x_wconf 75' lang='lat' dir='ltr'><strong><em>responsorum</em></strong></span> <span class='ocrx_word' id='word_1_35' title='bbox 2416 1002 2575 1067; x_wconf 91' lang='lat' dir='ltr'><em>libro</em></span> 
     </span>
     <span class='ocr_line' id='line_1_6' title="bbox 311 1103 2575 1197; baseline -0.004 -20"><span class='ocrx_word' id='word_1_36' title='bbox 311 1110 528 1197; x_wconf 78' lang='lat' dir='ltr'><em>quinto</em></span> <span class='ocrx_word' id='word_1_37' title='bbox 590 1111 866 1194; x_wconf 79' lang='lat' dir='ltr'><strong><em>scripsit,</em></strong></span> <span class='ocrx_word' id='word_1_38' title='bbox 932 1108 1040 1173; x_wconf 86' lang='lat' dir='ltr'><em>cfr.</em></span> <span class='ocrx_word' id='word_1_39' title='bbox 1088 1110 1189 1187; x_wconf 88' lang='grc'>25,</span> <span class='ocrx_word' id='word_1_40' title='bbox 1246 1111 1356 1189; x_wconf 84' lang='grc'><em>16;</em></span> <span class='ocrx_word' id='word_1_41' title='bbox 1418 1108 1521 1187; x_wconf 92' lang='grc'>26,</span> <span class='ocrx_word' id='word_1_42' title='bbox 1586 1108 1658 1185; x_wconf 84' lang='grc'><em>5;</em></span> <span class='ocrx_word' id='word_1_43' title='bbox 1725 1107 1825 1184; x_wconf 87' lang='grc'>26,</span> <span class='ocrx_word' id='word_1_44' title='bbox 1876 1108 1951 1187; x_wconf 86' lang='grc'><em>7;</em></span> <span class='ocrx_word' id='word_1_45' title='bbox 2017 1103 2086 1168; x_wconf 93' lang='lat' dir='ltr'><em>II</em></span> <span class='ocrx_word' id='word_1_46' title='bbox 2136 1108 2197 1183; x_wconf 92' lang='lat' dir='ltr'><em>l,</em></span> <span class='ocrx_word' id='word_1_47' title='bbox 2246 1108 2326 1168; x_wconf 88' lang='grc'><em>38</em></span> <span class='ocrx_word' id='word_1_48' title='bbox 2389 1112 2459 1169; x_wconf 90' lang='lat' dir='ltr'><em>ut</em></span> <span class='ocrx_word' id='word_1_49' title='bbox 2519 1112 2575 1169; x_wconf 94' lang='lat' dir='ltr'><em>et</em></span> 
     </span>
     <span class='ocr_line' id='line_1_7' title="bbox 313 1208 2570 1292; baseline -0.003 -13"><span class='ocrx_word' id='word_1_50' title='bbox 313 1214 654 1279; x_wconf 89' lang='lat' dir='ltr'><em>Iuliano</em></span> <span class='ocrx_word' id='word_1_51' title='bbox 716 1215 914 1277; x_wconf 80' lang='lat' dir='ltr'><em>visum</em></span> <span class='ocrx_word' id='word_1_52' title='bbox 979 1218 1066 1276; x_wconf 90' lang='lat' dir='ltr'><em>est</em></span> <span class='ocrx_word' id='word_1_53' title='bbox 1097 1211 1122 1291; x_wconf 72' lang='grc' dir='ltr'><strong>Η</strong></span> <span class='ocrx_word' id='word_1_54' title='bbox 1155 1215 1212 1292; x_wconf 92' lang='grc'><em>5,</em></span> <span class='ocrx_word' id='word_1_55' title='bbox 1261 1213 1299 1274; x_wconf 89' lang='grc'>5</span> <span class='ocrx_word' id='word_1_56' title='bbox 1347 1209 1685 1273; x_wconf 83' lang='lat' dir='ltr'><em>secundum</em></span> <span class='ocrx_word' id='word_1_57' title='bbox 1747 1208 2133 1272; x_wconf 82' lang='lat' dir='ltr'><em>Marcelli</em></span> <span class='ocrx_word' id='word_1_58' title='bbox 2186 1210 2570 1289; x_wconf 77' lang='lat' dir='ltr'><em>sententiam,</em></span> 
     </span>
     <span class='ocr_line' id='line_1_8' title="bbox 313 1313 2575 1401; baseline -0.004 -16"><span class='ocrx_word' id='word_1_59' title='bbox 313 1320 426 1385; x_wconf 83' lang='lat' dir='ltr'><em>cfr.</em></span> <span class='ocrx_word' id='word_1_60' title='bbox 475 1322 532 1401; x_wconf 85' lang='lat'><em>6,</em></span> <span class='ocrx_word' id='word_1_61' title='bbox 581 1321 657 1400; x_wconf 75' lang='lat'><em>93</em></span> <span class='ocrx_word' id='word_1_62' title='bbox 707 1319 804 1397; x_wconf 91' lang='grc'><em>10,</em></span> <span class='ocrx_word' id='word_1_63' title='bbox 851 1319 922 1395; x_wconf 82' lang='lat'><em>53</em></span> <span class='ocrx_word' id='word_1_64' title='bbox 977 1318 1074 1397; x_wconf 90' lang='lat'><em>14,</em></span> <span class='ocrx_word' id='word_1_65' title='bbox 1120 1335 1253 1398; x_wconf 83' lang='lat' dir='ltr'><em>pr.;</em></span> <span class='ocrx_word' id='word_1_66' title='bbox 1301 1316 1402 1395; x_wconf 93' lang='grc'>20,</span> <span class='ocrx_word' id='word_1_67' title='bbox 1452 1314 1561 1396; x_wconf 65' lang='grc'>12,</span> <span class='ocrx_word' id='word_1_68' title='bbox 1611 1316 1711 1392; x_wconf 90' lang='grc'><em>20,</em></span> <span class='ocrx_word' id='word_1_69' title='bbox 1762 1314 1875 1394; x_wconf 83' lang='lat'><em>143</em></span> <span class='ocrx_word' id='word_1_70' title='bbox 1922 1313 2023 1393; x_wconf 87' lang='lat'><em>20,</em></span> <span class='ocrx_word' id='word_1_71' title='bbox 2078 1315 2173 1377; x_wconf 85' lang='lat'><em>16.</em></span> <span class='ocrx_word' id='word_1_72' title='bbox 2204 1314 2301 1376; x_wconf 86' lang='lat'><em>18.</em></span> <span class='ocrx_word' id='word_1_73' title='bbox 2328 1314 2429 1377; x_wconf 83' lang='lat'><em>20.</em></span> <span class='ocrx_word' id='word_1_74' title='bbox 2459 1315 2575 1393; x_wconf 74' lang='lat'><em>363</em></span> 
     </span>
     <span class='ocr_line' id='line_1_9' title="bbox 315 1426 524 1505; baseline 0 -18"><span class='ocrx_word' id='word_1_75' title='bbox 315 1427 420 1505; x_wconf 87' lang='lat'><em>23,</em></span> <span class='ocrx_word' id='word_1_76' title='bbox 468 1426 524 1487; x_wconf 82' lang='lat'><em>7.</em></span> 
     </span>
    </p>

    <p class='ocr_par' dir='ltr' id='par_1_4' title="bbox 303 1519 2701 2523">
     <span class='ocr_line' id='line_1_10' title="bbox 518 1519 2571 1607; baseline -0.001 -20"><span class='ocrx_word' id='word_1_77' title='bbox 518 1524 615 1587; x_wconf 85' lang='lat' dir='ltr'><em>ad</em></span> <span class='ocrx_word' id='word_1_78' title='bbox 666 1521 916 1607; x_wconf 85' lang='lat' dir='ltr'>b):111</span> <span class='ocrx_word' id='word_1_79' title='bbox 963 1524 1065 1604; x_wconf 91' lang='grc'>25,</span> <span class='ocrx_word' id='word_1_80' title='bbox 1113 1525 1150 1585; x_wconf 94' lang='grc'>2</span> <span class='ocrx_word' id='word_1_81' title='bbox 1215 1521 1564 1601; x_wconf 77' lang='lat' dir='ltr'><em>Quintus</em></span> <span class='ocrx_word' id='word_1_82' title='bbox 1609 1519 1935 1583; x_wconf 87' lang='lat' dir='ltr'><em>Mucius</em></span> <span class='ocrx_word' id='word_1_83' title='bbox 1993 1520 2366 1583; x_wconf 80' lang='lat' dir='ltr'><em>existimavit</em></span> <span class='ocrx_word' id='word_1_84' title='bbox 2428 1570 2441 1584; x_wconf 90' lang='lat'><strong>.</strong></span> <span class='ocrx_word' id='word_1_85' title='bbox 2492 1570 2506 1584; x_wconf 92' lang='lat'><strong>.</strong></span> <span class='ocrx_word' id='word_1_86' title='bbox 2556 1569 2571 1584; x_wconf 85' lang='lat'><strong>.</strong></span> 
     </span>
     <span class='ocr_line' id='line_1_11' title="bbox 317 1623 2574 1710; baseline -0.004 -15"><span class='ocrx_word' id='word_1_87' title='bbox 317 1630 661 1695; x_wconf 80' lang='lat' dir='ltr'><em>Servius</em></span> <span class='ocrx_word' id='word_1_88' title='bbox 736 1626 1172 1710; x_wconf 75' lang='lat' dir='ltr'><em>Sulpicius</em></span> <span class='ocrx_word' id='word_1_89' title='bbox 1248 1632 1465 1689; x_wconf 89' lang='lat' dir='ltr'><em>contra</em></span> <span class='ocrx_word' id='word_1_90' title='bbox 1537 1625 1721 1689; x_wconf 80' lang='lat' dir='ltr'><em>sentit</em></span> <span class='ocrx_word' id='word_1_91' title='bbox 1797 1672 1811 1688; x_wconf 92' lang='lat'><strong>.</strong></span> <span class='ocrx_word' id='word_1_92' title='bbox 1862 1670 1875 1684; x_wconf 90' lang='lat'><em>.</em></span> <span class='ocrx_word' id='word_1_93' title='bbox 1920 1674 1934 1688; x_wconf 92' lang='lat'><strong>.</strong></span> <span class='ocrx_word' id='word_1_94' title='bbox 1996 1630 2054 1688; x_wconf 90' lang='lat' dir='ltr'><em>et</em></span> <span class='ocrx_word' id='word_1_95' title='bbox 2124 1623 2281 1686; x_wconf 87' lang='lat' dir='ltr'><em>adeo</em></span> <span class='ocrx_word' id='word_1_96' title='bbox 2356 1630 2574 1686; x_wconf 87' lang='lat' dir='ltr'><em>contra</em></span> 
     </span>
     <span class='ocr_line' id='line_1_12' title="bbox 315 1724 2572 1815; baseline -0.004 -17"><span class='ocrx_word' id='word_1_97' title='bbox 315 1735 598 1815; x_wconf 77' lang='lat' dir='ltr'><em>Quinti</em></span> <span class='ocrx_word' id='word_1_98' title='bbox 639 1731 900 1795; x_wconf 80' lang='lat' dir='ltr'><em>Mucii</em></span> <span class='ocrx_word' id='word_1_99' title='bbox 940 1732 1306 1794; x_wconf 84' lang='lat' dir='ltr'><em>sententiam</em></span> <span class='ocrx_word' id='word_1_100' title='bbox 1333 1724 1691 1812; x_wconf 80' lang='lat' dir='ltr'><em>praevaluit</em></span> <span class='ocrx_word' id='word_1_101' title='bbox 1722 1727 1746 1811; x_wconf 81' lang='grc' dir='ltr'>Η</span> <span class='ocrx_word' id='word_1_102' title='bbox 1780 1730 1836 1807; x_wconf 88' lang='grc'><em>8,</em></span> <span class='ocrx_word' id='word_1_103' title='bbox 1864 1730 1901 1791; x_wconf 92' lang='grc'>2</span> <span class='ocrx_word' id='word_1_104' title='bbox 1947 1728 2111 1791; x_wconf 83' lang='lat' dir='ltr'><em>unde</em></span> <span class='ocrx_word' id='word_1_105' title='bbox 2141 1726 2572 1812; x_wconf 81' lang='lat' dir='ltr'><em>quaerebatur,</em></span> 
     </span>
     <span class='ocr_line' id='line_1_13' title="bbox 311 1830 2571 1918; baseline -0.004 -17"><span class='ocrx_word' id='word_1_106' title='bbox 311 1858 462 1901; x_wconf 87' lang='lat' dir='ltr'><em>num</em></span> <span class='ocrx_word' id='word_1_107' title='bbox 511 1888 524 1901; x_wconf 92' lang='lat'><strong>.</strong></span> <span class='ocrx_word' id='word_1_108' title='bbox 559 1881 616 1899; x_wconf 91' lang='lat'><em>..</em></span> <span class='ocrx_word' id='word_1_109' title='bbox 666 1835 773 1899; x_wconf 82' lang='lat' dir='ltr'><em>sed</em></span> <span class='ocrx_word' id='word_1_110' title='bbox 827 1835 1076 1918; x_wconf 76' lang='lat' dir='ltr'><em>placuit</em></span> <span class='ocrx_word' id='word_1_111' title='bbox 1139 1853 1528 1914; x_wconf 85' lang='lat' dir='ltr'><em>evanescere,</em></span> <span class='ocrx_word' id='word_1_112' title='bbox 1592 1832 1755 1917; x_wconf 79' lang='lat' dir='ltr'><em>quod</em></span> <span class='ocrx_word' id='word_1_113' title='bbox 1818 1838 1872 1895; x_wconf 90' lang='lat' dir='ltr'><em>et</em></span> <span class='ocrx_word' id='word_1_114' title='bbox 1932 1830 2270 1894; x_wconf 87' lang='lat' dir='ltr'><em>Iuliano</em></span> <span class='ocrx_word' id='word_1_115' title='bbox 2316 1837 2372 1893; x_wconf 89' lang='lat' dir='ltr'><em>et</em></span> <span class='ocrx_word' id='word_1_116' title='bbox 2424 1831 2571 1894; x_wconf 88' lang='lat' dir='ltr'><em>aliis</em></span> 
     </span>
     <span class='ocr_line' id='line_1_14' title="bbox 303 1932 2572 2025; baseline -0.004 -20"><span class='ocrx_word' id='word_1_117' title='bbox 303 1942 619 2025; x_wconf 82' lang='lat' dir='ltr'><em>plerisque</em></span> <span class='ocrx_word' id='word_1_118' title='bbox 672 1941 873 2003; x_wconf 86' lang='lat' dir='ltr'><em>visum</em></span> <span class='ocrx_word' id='word_1_119' title='bbox 931 1940 1075 2013; x_wconf 58' lang='lat' dir='ltr'><em>esti!</em></span> <span class='ocrx_word' id='word_1_120' title='bbox 1107 1940 1211 2021; x_wconf 83' lang='lat'><em>23,</em></span> <span class='ocrx_word' id='word_1_121' title='bbox 1258 1938 1296 2000; x_wconf 99' lang='grc'>2</span> <span class='ocrx_word' id='word_1_122' title='bbox 1359 1936 1539 2000; x_wconf 85' lang='lat' dir='ltr'><em>valde</em></span> <span class='ocrx_word' id='word_1_123' title='bbox 1584 1936 2002 2020; x_wconf 80' lang='lat' dir='ltr'><em>quaerebatur</em></span> <span class='ocrx_word' id='word_1_124' title='bbox 2048 1981 2059 1993; x_wconf 92' lang='lat'>.</span> <span class='ocrx_word' id='word_1_125' title='bbox 2096 1985 2109 1997; x_wconf 92' lang='lat'><strong>.</strong></span> <span class='ocrx_word' id='word_1_126' title='bbox 2145 1985 2159 1999; x_wconf 90' lang='lat'><strong>.</strong></span> <span class='ocrx_word' id='word_1_127' title='bbox 2208 1932 2572 1998; x_wconf 85' lang='lat' dir='ltr'><em>Sabinus</em></span> 
     </span>
     <span class='ocr_line' id='line_1_15' title="bbox 313 2038 2701 2124; baseline -0.003 -15"><span class='ocrx_word' id='word_1_128' title='bbox 313 2051 370 2109; x_wconf 92' lang='lat' dir='ltr'><em>et</em></span> <span class='ocrx_word' id='word_1_129' title='bbox 433 2040 774 2107; x_wconf 78' lang='lat' dir='ltr'><em>Cassius</em></span> <span class='ocrx_word' id='word_1_130' title='bbox 828 2046 1062 2124; x_wconf 88' lang='lat' dir='ltr'><em>putant</em></span> <span class='ocrx_word' id='word_1_131' title='bbox 1304 2040 1691 2103; x_wconf 81' lang='lat' dir='ltr'><em>diversae</em></span> <span class='ocrx_word' id='word_1_132' title='bbox 1772 2038 2099 2103; x_wconf 81' lang='lat' dir='ltr'><em>scholae</em></span> <span class='ocrx_word' id='word_1_133' title='bbox 2176 2044 2571 2101; x_wconf 89' lang='lat' dir='ltr'><em>auctores</em></span> <span class='ocrx_word' id='word_1_134' title='bbox 2697 2082 2701 2087; x_wconf 89' lang='lat'><em>-</em></span> 
     </span>
     <span class='ocr_line' id='line_1_16' title="bbox 313 2140 2571 2225; baseline -0.003 -14"><span class='ocrx_word' id='word_1_135' title='bbox 313 2154 534 2213; x_wconf 89' lang='lat' dir='ltr'><em>contra</em></span> <span class='ocrx_word' id='word_1_136' title='bbox 579 2144 918 2210; x_wconf 86' lang='lat' dir='ltr'><em>sentiebant</em></span> <span class='ocrx_word' id='word_1_137' title='bbox 963 2194 977 2208; x_wconf 94' lang='lat'><strong>.</strong></span> <span class='ocrx_word' id='word_1_138' title='bbox 1013 2192 1026 2206; x_wconf 89' lang='lat'><strong>.</strong></span> <span class='ocrx_word' id='word_1_139' title='bbox 1061 2195 1074 2209; x_wconf 91' lang='lat'>.</span> <span class='ocrx_word' id='word_1_140' title='bbox 1123 2144 1228 2208; x_wconf 85' lang='lat' dir='ltr'><em>sed</em></span> <span class='ocrx_word' id='word_1_141' title='bbox 1272 2143 1621 2206; x_wconf 86' lang='lat' dir='ltr'><em>Proculi</em></span> <span class='ocrx_word' id='word_1_142' title='bbox 1663 2143 1967 2206; x_wconf 86' lang='lat' dir='ltr'><em>sententia</em></span> <span class='ocrx_word' id='word_1_143' title='bbox 2022 2143 2382 2225; x_wconf 85' lang='lat' dir='ltr'><em>praevaluit</em></span> <span class='ocrx_word' id='word_1_144' title='bbox 2412 2140 2435 2224; x_wconf 85' lang='grc' dir='ltr'>Η</span> <span class='ocrx_word' id='word_1_145' title='bbox 2469 2144 2571 2224; x_wconf 89' lang='grc'>26,</span> 
     </span>
     <span class='ocr_line' id='line_1_17' title="bbox 311 2246 2571 2330; baseline -0.002 -16"><span class='ocrx_word' id='word_1_146' title='bbox 311 2253 350 2314; x_wconf 90' lang='grc'>6</span> <span class='ocrx_word' id='word_1_147' title='bbox 398 2250 552 2313; x_wconf 84' lang='lat' dir='ltr'><em>adeo</em></span> <span class='ocrx_word' id='word_1_148' title='bbox 613 2249 763 2312; x_wconf 82' lang='lat' dir='ltr'><em>haec</em></span> <span class='ocrx_word' id='word_1_149' title='bbox 807 2249 900 2311; x_wconf 91' lang='lat' dir='ltr'><em>ita</em></span> <span class='ocrx_word' id='word_1_150' title='bbox 941 2254 1109 2327; x_wconf 86' lang='lat' dir='ltr'><em>sunt,</em></span> <span class='ocrx_word' id='word_1_151' title='bbox 1170 2253 1242 2310; x_wconf 93' lang='lat' dir='ltr'><em>ut</em></span> <span class='ocrx_word' id='word_1_152' title='bbox 1301 2248 1647 2330; x_wconf 79' lang='lat' dir='ltr'><em>quaesitum</em></span> <span class='ocrx_word' id='word_1_153' title='bbox 1713 2247 1794 2310; x_wconf 86' lang='lat' dir='ltr'><em>sit</em></span> <span class='ocrx_word' id='word_1_154' title='bbox 1838 2267 1924 2309; x_wconf 90' lang='lat' dir='ltr'><em>an</em></span> <span class='ocrx_word' id='word_1_155' title='bbox 1972 2296 1985 2310; x_wconf 90' lang='lat'><strong>.</strong></span> <span class='ocrx_word' id='word_1_156' title='bbox 2020 2294 2035 2309; x_wconf 89' lang='lat'><strong>.</strong></span> <span class='ocrx_word' id='word_1_157' title='bbox 2072 2296 2086 2309; x_wconf 93' lang='lat'><strong>.</strong></span> <span class='ocrx_word' id='word_1_158' title='bbox 2135 2246 2242 2309; x_wconf 84' lang='lat' dir='ltr'><em>sed</em></span> <span class='ocrx_word' id='word_1_159' title='bbox 2304 2248 2571 2329; x_wconf 87' lang='lat' dir='ltr'><em>optinuit</em></span> 
     </span>
     <span class='ocr_line' id='line_1_18' title="bbox 315 2348 2571 2433; baseline -0.002 -14"><span class='ocrx_word' id='word_1_160' title='bbox 315 2353 617 2419; x_wconf 84' lang='lat' dir='ltr'><em>Sabini</em></span> <span class='ocrx_word' id='word_1_161' title='bbox 675 2353 984 2417; x_wconf 85' lang='lat' dir='ltr'><em>sententia</em></span> <span class='ocrx_word' id='word_1_162' title='bbox 1014 2353 1038 2431; x_wconf 79' lang='grc' dir='ltr'><em>ΙΙ</em></span> <span class='ocrx_word' id='word_1_163' title='bbox 1071 2353 1172 2427; x_wconf 88' lang='grc'>26,</span> <span class='ocrx_word' id='word_1_164' title='bbox 1219 2353 1256 2414; x_wconf 90' lang='grc'>8</span> <span class='ocrx_word' id='word_1_165' title='bbox 1302 2349 1604 2414; x_wconf 87' lang='lat' dir='ltr'><em>Sabino</em></span> <span class='ocrx_word' id='word_1_166' title='bbox 1666 2356 1721 2413; x_wconf 89' lang='lat' dir='ltr'><em>et</em></span> <span class='ocrx_word' id='word_1_167' title='bbox 1768 2348 2062 2414; x_wconf 83' lang='lat' dir='ltr'><em>Cassio</em></span> <span class='ocrx_word' id='word_1_168' title='bbox 2112 2351 2361 2433; x_wconf 85' lang='lat' dir='ltr'><em>placuit</em></span> <span class='ocrx_word' id='word_1_169' title='bbox 2426 2401 2440 2415; x_wconf 90' lang='lat'><strong>.</strong></span> <span class='ocrx_word' id='word_1_170' title='bbox 2490 2400 2504 2414; x_wconf 92' lang='lat'><strong>.</strong></span> <span class='ocrx_word' id='word_1_171' title='bbox 2556 2400 2571 2415; x_wconf 93' lang='lat'><strong>.</strong></span> 
     </span>
     <span class='ocr_line' id='line_1_19' title="bbox 315 2454 1915 2523; baseline -0.003 -1"><span class='ocrx_word' id='word_1_172' title='bbox 315 2455 702 2523; x_wconf 82' lang='lat' dir='ltr'><em>d&#39;iversae</em></span> <span class='ocrx_word' id='word_1_173' title='bbox 744 2454 1076 2519; x_wconf 80' lang='lat' dir='ltr'><em>scholae</em></span> <span class='ocrx_word' id='word_1_174' title='bbox 1118 2461 1494 2519; x_wconf 90' lang='lat' dir='ltr'><em>auctores</em></span> <span class='ocrx_word' id='word_1_175' title='bbox 1537 2454 1915 2517; x_wconf 75' lang='lat' dir='ltr'><em>existimant.</em></span> 
     </span>
    </p>

    <p class='ocr_par' dir='ltr' id='par_1_5' title="bbox 313 2556 2573 2955">
     <span class='ocr_line' id='line_1_20' title="bbox 517 2556 2573 2643; baseline -0.003 -18"><span class='ocrx_word' id='word_1_176' title='bbox 517 2560 615 2625; x_wconf 88' lang='lat' dir='ltr'><em>ad</em></span> <span class='ocrx_word' id='word_1_177' title='bbox 675 2560 765 2641; x_wconf 84' lang='lat' dir='ltr'><em>c):</em></span> <span class='ocrx_word' id='word_1_178' title='bbox 829 2559 933 2624; x_wconf 91' lang='lat' dir='ltr'><em>III</em></span> <span class='ocrx_word' id='word_1_179' title='bbox 989 2560 1084 2637; x_wconf 84' lang='lat'><em>18,</em></span> <span class='ocrx_word' id='word_1_180' title='bbox 1129 2579 1224 2642; x_wconf 87' lang='lat' dir='ltr'><em>pr.</em></span> <span class='ocrx_word' id='word_1_181' title='bbox 1432 2557 1466 2639; x_wconf 68' lang='grc' dir='ltr'>ἓ</span> <span class='ocrx_word' id='word_1_182' title='bbox 1528 2561 1569 2621; x_wconf 90' lang='grc'>4</span> <span class='ocrx_word' id='word_1_183' title='bbox 1634 2578 1716 2620; x_wconf 76' lang='lat' dir='ltr'><em>ex</em></span> <span class='ocrx_word' id='word_1_184' title='bbox 1783 2558 2121 2643; x_wconf 91' lang='lat' dir='ltr'><em>Pomponii</em></span> <span class='ocrx_word' id='word_1_185' title='bbox 2182 2558 2291 2622; x_wconf 88' lang='lat' dir='ltr'><em>lib.</em></span> <span class='ocrx_word' id='word_1_186' title='bbox 2350 2560 2430 2620; x_wconf 91' lang='grc'>26</span> <span class='ocrx_word' id='word_1_187' title='bbox 2494 2556 2573 2619; x_wconf 86' lang='lat' dir='ltr'><em>ad</em></span> 
     </span>
     <span class='ocr_line' id='line_1_21' title="bbox 313 2660 2572 2747; baseline -0.002 -18"><span class='ocrx_word' id='word_1_188' title='bbox 313 2665 620 2730; x_wconf 86' lang='lat' dir='ltr'><em>Sabinum</em></span> <span class='ocrx_word' id='word_1_189' title='bbox 666 2662 848 2747; x_wconf 85' lang='lat' dir='ltr'><em>(Dig.</em></span> <span class='ocrx_word' id='word_1_190' title='bbox 897 2662 1226 2727; x_wconf 88' lang='lat' dir='ltr'><strong>XXXXV</strong></span> <span class='ocrx_word' id='word_1_191' title='bbox 1280 2668 1333 2743; x_wconf 93' lang='lat' dir='ltr'><em>l,</em></span> <span class='ocrx_word' id='word_1_192' title='bbox 1378 2664 1436 2743; x_wconf 88' lang='grc'><em>5,</em></span> <span class='ocrx_word' id='word_1_193' title='bbox 1483 2660 1609 2745; x_wconf 87' lang='lat' dir='ltr'><em>pr.)</em></span> <span class='ocrx_word' id='word_1_194' title='bbox 1642 2663 1666 2743; x_wconf 81' lang='grc' dir='ltr'>Η</span> <span class='ocrx_word' id='word_1_195' title='bbox 1707 2664 1801 2741; x_wconf 85' lang='grc'><em>19,</em></span> <span class='ocrx_word' id='word_1_196' title='bbox 1842 2663 1921 2725; x_wconf 92' lang='grc'>26</span> <span class='ocrx_word' id='word_1_197' title='bbox 1972 2682 2053 2725; x_wconf 85' lang='lat' dir='ltr'><em>ex</em></span> <span class='ocrx_word' id='word_1_198' title='bbox 2096 2661 2436 2746; x_wconf 90' lang='lat' dir='ltr'><em>Pomponii</em></span> <span class='ocrx_word' id='word_1_199' title='bbox 2466 2661 2572 2725; x_wconf 88' lang='lat' dir='ltr'><em>lib.</em></span> 
     </span>
     <span class='ocr_line' id='line_1_22' title="bbox 313 2764 2572 2850; baseline -0.002 -20"><span class='ocrx_word' id='word_1_200' title='bbox 313 2770 392 2833; x_wconf 84' lang='lat'><em>27</em></span> <span class='ocrx_word' id='word_1_201' title='bbox 440 2768 520 2831; x_wconf 88' lang='lat' dir='ltr'><em>ad</em></span> <span class='ocrx_word' id='word_1_202' title='bbox 585 2767 888 2831; x_wconf 85' lang='lat' dir='ltr'><em>Sabinum</em></span> <span class='ocrx_word' id='word_1_203' title='bbox 954 2766 1132 2850; x_wconf 61' lang='lat' dir='ltr'><em>(Dig.</em></span> <span class='ocrx_word' id='word_1_204' title='bbox 1180 2764 1511 2829; x_wconf 89' lang='lat' dir='ltr'><strong>XXXXV</strong></span> <span class='ocrx_word' id='word_1_205' title='bbox 1559 2768 1615 2844; x_wconf 89' lang='lat'><em>1,</em></span> <span class='ocrx_word' id='word_1_206' title='bbox 1664 2764 1776 2845; x_wconf 85' lang='grc'>42)</span> <span class='ocrx_word' id='word_1_207' title='bbox 1807 2765 1833 2844; x_wconf 83' lang='grc' dir='ltr'><em>ΙΙ</em></span> <span class='ocrx_word' id='word_1_208' title='bbox 1868 2764 1963 2828; x_wconf 89' lang='lat' dir='ltr'><em>IV</em></span> <span class='ocrx_word' id='word_1_209' title='bbox 2009 2769 2067 2842; x_wconf 85' lang='lat'><em>6,</em></span> <span class='ocrx_word' id='word_1_210' title='bbox 2115 2785 2205 2848; x_wconf 90' lang='lat' dir='ltr'><em>pr.</em></span> <span class='ocrx_word' id='word_1_211' title='bbox 2272 2786 2355 2829; x_wconf 86' lang='lat' dir='ltr'><em>ex</em></span> <span class='ocrx_word' id='word_1_212' title='bbox 2403 2764 2572 2829; x_wconf 85' lang='lat' dir='ltr'><em>Celsi</em></span> 
     </span>
     <span class='ocr_line' id='line_1_23' title="bbox 314 2867 1753 2955; baseline 0 -20"><span class='ocrx_word' id='word_1_213' title='bbox 314 2872 418 2936; x_wconf 92' lang='lat' dir='ltr'><em>lib.</em></span> <span class='ocrx_word' id='word_1_214' title='bbox 467 2874 506 2935; x_wconf 86' lang='lat'><strong>3</strong></span> <span class='ocrx_word' id='word_1_215' title='bbox 552 2870 677 2955; x_wconf 87' lang='lat' dir='ltr'><em>dig.</em></span> <span class='ocrx_word' id='word_1_216' title='bbox 727 2869 903 2954; x_wconf 84' lang='lat' dir='ltr'><em>(Dig.</em></span> <span class='ocrx_word' id='word_1_217' title='bbox 948 2867 1315 2934; x_wconf 90' lang='lat' dir='ltr'><strong>XXXXIV</strong></span> <span class='ocrx_word' id='word_1_218' title='bbox 1366 2874 1423 2949; x_wconf 83' lang='lat'><em>7,</em></span> <span class='ocrx_word' id='word_1_219' title='bbox 1469 2870 1584 2950; x_wconf 88' lang='grc'><em>51)</em></span> <span class='ocrx_word' id='word_1_220' title='bbox 1631 2876 1753 2935; x_wconf 88' lang='lat' dir='ltr'><em>etc.</em></span> 
     </span>
    </p>

    <p class='ocr_par' dir='ltr' id='par_1_6' title="bbox 309 3076 2628 4626">
     <span class='ocr_line' id='line_1_24' title="bbox 517 3076 2573 3163; baseline -0.001 -19"><span class='ocrx_word' id='word_1_221' title='bbox 517 3079 645 3144; x_wconf 85' lang='lat' dir='ltr'><em>Sed</em></span> <span class='ocrx_word' id='word_1_222' title='bbox 689 3100 770 3141; x_wconf 92' lang='lat' dir='ltr'><em>ne</em></span> <span class='ocrx_word' id='word_1_223' title='bbox 813 3080 1146 3143; x_wconf 83' lang='lat' dir='ltr'><em>cumulatis</em></span> <span class='ocrx_word' id='word_1_224' title='bbox 1192 3080 1503 3163; x_wconf 83' lang='lat' dir='ltr'><em>exemplis</em></span> <span class='ocrx_word' id='word_1_225' title='bbox 1548 3079 1614 3143; x_wconf 91' lang='lat' dir='ltr'><em>in</em></span> <span class='ocrx_word' id='word_1_226' title='bbox 1659 3079 2037 3143; x_wconf 89' lang='lat' dir='ltr'><em>immensum</em></span> <span class='ocrx_word' id='word_1_227' title='bbox 2082 3076 2347 3141; x_wconf 87' lang='lat' dir='ltr'><em>diffundi</em></span> <span class='ocrx_word' id='word_1_228' title='bbox 2401 3077 2573 3141; x_wconf 84' lang='lat' dir='ltr'><em>vide-</em></span> 
     </span>
     <span class='ocr_line' id='line_1_25' title="bbox 311 3178 2573 3268; baseline 0 -23"><span class='ocrx_word' id='word_1_229' title='bbox 311 3189 455 3247; x_wconf 83' lang='lat' dir='ltr'><em>atur</em></span> <span class='ocrx_word' id='word_1_230' title='bbox 517 3181 676 3247; x_wconf 87' lang='lat' dir='ltr'><em>haec</em></span> <span class='ocrx_word' id='word_1_231' title='bbox 739 3183 1061 3268; x_wconf 80' lang='lat' dir='ltr'><em>quaestiO,</em></span> <span class='ocrx_word' id='word_1_232' title='bbox 1125 3183 1224 3247; x_wconf 89' lang='lat' dir='ltr'><em>hic</em></span> <span class='ocrx_word' id='word_1_233' title='bbox 1293 3182 1766 3247; x_wconf 89' lang='lat' dir='ltr'><em>subsistendum</em></span> <span class='ocrx_word' id='word_1_234' title='bbox 1830 3203 1969 3248; x_wconf 89' lang='lat' dir='ltr'><em>esse</em></span> <span class='ocrx_word' id='word_1_235' title='bbox 2016 3202 2256 3247; x_wconf 85' lang='lat' dir='ltr'><em>censeo.</em></span> <span class='ocrx_word' id='word_1_236' title='bbox 2349 3178 2573 3264; x_wconf 90' lang='lat' dir='ltr'><em>Itaque</em></span> 
     </span>
     <span class='ocr_line' id='line_1_26' title="bbox 315 3285 2573 3372; baseline -0 -23"><span class='ocrx_word' id='word_1_237' title='bbox 315 3308 459 3350; x_wconf 90' lang='lat' dir='ltr'><em>cum</em></span> <span class='ocrx_word' id='word_1_238' title='bbox 521 3286 1003 3371; x_wconf 82' lang='lat' dir='ltr'><em>probaverimus</em></span> <span class='ocrx_word' id='word_1_239' title='bbox 1072 3308 1202 3351; x_wconf 90' lang='lat' dir='ltr'><em>non</em></span> <span class='ocrx_word' id='word_1_240' title='bbox 1280 3288 1485 3351; x_wconf 90' lang='lat' dir='ltr'><em>solum</em></span> <span class='ocrx_word' id='word_1_241' title='bbox 1553 3307 1738 3351; x_wconf 90' lang='lat' dir='ltr'><em>usum</em></span> <span class='ocrx_word' id='word_1_242' title='bbox 1800 3286 2100 3371; x_wconf 90' lang='lat' dir='ltr'><em>loquendi</em></span> <span class='ocrx_word' id='word_1_243' title='bbox 2161 3285 2443 3372; x_wconf 86' lang='lat' dir='ltr'><em>priorum</em></span> <span class='ocrx_word' id='word_1_244' title='bbox 2508 3291 2573 3348; x_wconf 92' lang='lat' dir='ltr'><em>et</em></span> 
     </span>
     <span class='ocr_line' id='line_1_27' title="bbox 311 3388 2571 3476; baseline -0.002 -21"><span class='ocrx_word' id='word_1_245' title='bbox 311 3390 728 3476; x_wconf 81' lang='lat' dir='ltr'><em>posteriorum</em></span> <span class='ocrx_word' id='word_1_246' title='bbox 777 3390 1078 3455; x_wconf 87' lang='lat' dir='ltr'><em>librorum</em></span> <span class='ocrx_word' id='word_1_247' title='bbox 1127 3391 1444 3455; x_wconf 90' lang='lat' dir='ltr'><em>diversum</em></span> <span class='ocrx_word' id='word_1_248' title='bbox 1491 3412 1648 3469; x_wconf 88' lang='lat' dir='ltr'><em>esse,</em></span> <span class='ocrx_word' id='word_1_249' title='bbox 1692 3390 1806 3455; x_wconf 90' lang='lat' dir='ltr'><em>sed</em></span> <span class='ocrx_word' id='word_1_250' title='bbox 1854 3391 2042 3455; x_wconf 86' lang='lat' dir='ltr'><em>etiam</em></span> <span class='ocrx_word' id='word_1_251' title='bbox 2086 3410 2253 3453; x_wconf 88' lang='lat' dir='ltr'><em>nova</em></span> <span class='ocrx_word' id='word_1_252' title='bbox 2297 3388 2378 3452; x_wconf 85' lang='lat' dir='ltr'><em>ad</em></span> <span class='ocrx_word' id='word_1_253' title='bbox 2412 3390 2571 3452; x_wconf 87' lang='lat' dir='ltr'><em>hanc</em></span> 
     </span>
     <span class='ocr_line' id='line_1_28' title="bbox 313 3492 2570 3578; baseline -0.001 -20"><span class='ocrx_word' id='word_1_254' title='bbox 313 3494 733 3559; x_wconf 85' lang='lat' dir='ltr'><em>differentiam</em></span> <span class='ocrx_word' id='word_1_255' title='bbox 781 3492 1168 3560; x_wconf 82' lang='lat' dir='ltr'><em>fulciendam</em></span> <span class='ocrx_word' id='word_1_256' title='bbox 1214 3502 1591 3578; x_wconf 85' lang='lat' dir='ltr'><em>argumenta</em></span> <span class='ocrx_word' id='word_1_257' title='bbox 1628 3495 1902 3578; x_wconf 86' lang='lat' dir='ltr'><em>proferri</em></span> <span class='ocrx_word' id='word_1_258' title='bbox 1946 3513 2153 3576; x_wconf 86' lang='lat' dir='ltr'><em>posse,</em></span> <span class='ocrx_word' id='word_1_259' title='bbox 2208 3493 2352 3556; x_wconf 91' lang='lat' dir='ltr'><em>inde</em></span> <span class='ocrx_word' id='word_1_260' title='bbox 2398 3492 2570 3557; x_wconf 89' lang='lat' dir='ltr'><em>colli-</em></span> 
     </span>
     <span class='ocr_line' id='line_1_29' title="bbox 311 3597 2570 3684; baseline 0 -23"><span class='ocrx_word' id='word_1_261' title='bbox 311 3597 590 3681; x_wconf 87' lang='lat' dir='ltr'><em>gendum</em></span> <span class='ocrx_word' id='word_1_262' title='bbox 636 3598 910 3661; x_wconf 86' lang='lat' dir='ltr'><em>arbitror</em></span> <span class='ocrx_word' id='word_1_263' title='bbox 955 3618 1076 3662; x_wconf 90' lang='lat' dir='ltr'><em>non</em></span> <span class='ocrx_word' id='word_1_264' title='bbox 1121 3619 1314 3661; x_wconf 86' lang='lat' dir='ltr'><em>unum</em></span> <span class='ocrx_word' id='word_1_265' title='bbox 1358 3598 1761 3684; x_wconf 89' lang='lat' dir='ltr'><em>eundemque</em></span> <span class='ocrx_word' id='word_1_266' title='bbox 1796 3620 2012 3664; x_wconf 90' lang='lat' dir='ltr'><em>omnes</em></span> <span class='ocrx_word' id='word_1_267' title='bbox 2044 3605 2346 3684; x_wconf 83' lang='lat' dir='ltr'><em>quattuor</em></span> <span class='ocrx_word' id='word_1_268' title='bbox 2375 3597 2570 3661; x_wconf 90' lang='lat' dir='ltr'><em>libros</em></span> 
     </span>
     <span class='ocr_line' id='line_1_30' title="bbox 313 3700 2567 3787; baseline 0 -23"><span class='ocrx_word' id='word_1_269' title='bbox 313 3700 768 3785; x_wconf 81' lang='lat' dir='ltr'><em>composuisse,</em></span> <span class='ocrx_word' id='word_1_270' title='bbox 814 3701 928 3765; x_wconf 91' lang='lat' dir='ltr'><em>sed</em></span> <span class='ocrx_word' id='word_1_271' title='bbox 974 3702 1159 3766; x_wconf 88' lang='lat' dir='ltr'><em>alteri</em></span> <span class='ocrx_word' id='word_1_272' title='bbox 1205 3702 1364 3768; x_wconf 87' lang='lat' dir='ltr'><em>duos</em></span> <span class='ocrx_word' id='word_1_273' title='bbox 1409 3705 1688 3787; x_wconf 85' lang='lat' dir='ltr'><em>priores,</em></span> <span class='ocrx_word' id='word_1_274' title='bbox 1735 3705 1914 3769; x_wconf 89' lang='lat' dir='ltr'><em>alteri</em></span> <span class='ocrx_word' id='word_1_275' title='bbox 1969 3705 2128 3767; x_wconf 91' lang='lat' dir='ltr'><em>duos</em></span> <span class='ocrx_word' id='word_1_276' title='bbox 2184 3702 2567 3785; x_wconf 87' lang='lat' dir='ltr'><em>posteriores</em></span> 
     </span>
     <span class='ocr_line' id='line_1_31' title="bbox 313 3799 2569 3890; baseline -0.001 -21"><span class='ocrx_word' id='word_1_277' title='bbox 313 3799 753 3869; x_wconf 75' lang='lat' dir='ltr'><em>attribuendus</em></span> <span class='ocrx_word' id='word_1_278' title='bbox 787 3827 946 3870; x_wconf 88' lang='lat' dir='ltr'><em>esse.</em></span> <span class='ocrx_word' id='word_1_279' title='bbox 1005 3804 1383 3871; x_wconf 85' lang='lat' dir='ltr'><em>Rectissime</em></span> <span class='ocrx_word' id='word_1_280' title='bbox 1413 3807 1606 3890; x_wconf 86' lang='lat' dir='ltr'><em>igitur</em></span> <span class='ocrx_word' id='word_1_281' title='bbox 1637 3806 1950 3872; x_wconf 84' lang='lat' dir='ltr'><em>Huschke</em></span> <span class='ocrx_word' id='word_1_282' title='bbox 1997 3828 2175 3871; x_wconf 85' lang='lat' dir='ltr'><em>suam</em></span> <span class='ocrx_word' id='word_1_283' title='bbox 2211 3806 2569 3890; x_wconf 88' lang='lat' dir='ltr'><em>opinionem</em></span> 
     </span>
     <span class='ocr_line' id='line_1_32' title="bbox 314 3908 2570 3996; baseline -0 -23"><span class='ocrx_word' id='word_1_284' title='bbox 314 3908 640 3973; x_wconf 90' lang='lat' dir='ltr'><em>hominum</em></span> <span class='ocrx_word' id='word_1_285' title='bbox 699 3908 1029 3974; x_wconf 89' lang='lat' dir='ltr'><em>doctorum</em></span> <span class='ocrx_word' id='word_1_286' title='bbox 1088 3909 1319 3973; x_wconf 87' lang='lat' dir='ltr'><em>iudicio</em></span> <span class='ocrx_word' id='word_1_287' title='bbox 1392 3912 1795 3996; x_wconf 83' lang='lat' dir='ltr'><em>proposuisse</em></span> <span class='ocrx_word' id='word_1_288' title='bbox 1859 3910 2123 3975; x_wconf 89' lang='lat' dir='ltr'><em>videtur.</em></span> <span class='ocrx_word' id='word_1_289' title='bbox 2231 3909 2409 3974; x_wconf 90' lang='lat' dir='ltr'><em>Idem</em></span> <span class='ocrx_word' id='word_1_290' title='bbox 2475 3910 2570 3974; x_wconf 84' lang='lat' dir='ltr'><em>vir</em></span> 
     </span>
     <span class='ocr_line' id='line_1_33' title="bbox 312 4013 2565 4099; baseline 0.001 -23"><span class='ocrx_word' id='word_1_291' title='bbox 312 4013 711 4081; x_wconf 84' lang='lat' dir='ltr'><em>doctissimus</em></span> <span class='ocrx_word' id='word_1_292' title='bbox 786 4014 1257 4098; x_wconf 85' lang='lat' dir='ltr'><em>quaestionem,</em></span> <span class='ocrx_word' id='word_1_293' title='bbox 1334 4020 1474 4079; x_wconf 87' lang='lat' dir='ltr'><em>uter</em></span> <span class='ocrx_word' id='word_1_294' title='bbox 1548 4016 1858 4098; x_wconf 88' lang='lat' dir='ltr'><em>priorem,</em></span> <span class='ocrx_word' id='word_1_295' title='bbox 1935 4021 2077 4078; x_wconf 87' lang='lat' dir='ltr'><em>uter</em></span> <span class='ocrx_word' id='word_1_296' title='bbox 2149 4015 2565 4099; x_wconf 89' lang='lat' dir='ltr'><em>posteriorem</em></span> 
     </span>
     <span class='ocr_line' id='line_1_34' title="bbox 309 4118 2589 4204; baseline 0.002 -24"><span class='ocrx_word' id='word_1_297' title='bbox 309 4122 558 4201; x_wconf 88' lang='lat' dir='ltr'><em>partem</em></span> <span class='ocrx_word' id='word_1_298' title='bbox 603 4118 1064 4200; x_wconf 80' lang='lat' dir='ltr'><em>conscripserit,</em></span> <span class='ocrx_word' id='word_1_299' title='bbox 1109 4118 1519 4201; x_wconf 86' lang='lat' dir='ltr'><em>probabiliter</em></span> <span class='ocrx_word' id='word_1_300' title='bbox 1563 4121 1654 4183; x_wconf 88' lang='lat' dir='ltr'><em>ita</em></span> <span class='ocrx_word' id='word_1_301' title='bbox 1696 4120 1907 4197; x_wconf 81' lang='lat' dir='ltr'><em>solvit,</em></span> <span class='ocrx_word' id='word_1_302' title='bbox 1952 4126 2024 4183; x_wconf 91' lang='lat' dir='ltr'><em>ut</em></span> <span class='ocrx_word' id='word_1_303' title='bbox 2055 4140 2198 4203; x_wconf 84' lang='lat' dir='ltr'><em>pag.</em></span> <span class='ocrx_word' id='word_1_304' title='bbox 2237 4120 2335 4184; x_wconf 90' lang='lat' dir='ltr'><em>IX</em></span> <span class='ocrx_word' id='word_1_305' title='bbox 2367 4120 2589 4204; x_wconf 71' lang='lat' dir='ltr'><em>praefi·</em></span> 
     </span>
     <span class='ocr_line' id='line_1_35' title="bbox 311 4218 2564 4308; baseline 0.002 -24"><span class='ocrx_word' id='word_1_306' title='bbox 311 4242 394 4284; x_wconf 82' lang='lat' dir='ltr'><em>ex</em></span> <span class='ocrx_word' id='word_1_307' title='bbox 441 4239 539 4298; x_wconf 79' lang='lat'><em>00,</em></span> <span class='ocrx_word' id='word_1_308' title='bbox 585 4220 758 4304; x_wconf 91' lang='lat' dir='ltr'><em>quod</em></span> <span class='ocrx_word' id='word_1_309' title='bbox 802 4218 1226 4286; x_wconf 85' lang='lat' dir='ltr'><em>Tribonianus</em></span> <span class='ocrx_word' id='word_1_310' title='bbox 1272 4220 1597 4286; x_wconf 89' lang='lat' dir='ltr'><em>inducitur</em></span> <span class='ocrx_word' id='word_1_311' title='bbox 1637 4222 1810 4286; x_wconf 88' lang='lat' dir='ltr'><em>nulla</em></span> <span class='ocrx_word' id='word_1_312' title='bbox 1872 4223 2252 4288; x_wconf 86' lang='lat' dir='ltr'><em>necessitate</em></span> <span class='ocrx_word' id='word_1_313' title='bbox 2301 4229 2564 4308; x_wconf 87' lang='lat' dir='ltr'><em>cogente</em></span> 
     </span>
     <span class='ocr_line' id='line_1_36' title="bbox 312 4321 2567 4410; baseline 0.003 -26"><span class='ocrx_word' id='word_1_314' title='bbox 312 4321 373 4404; x_wconf 94' lang='lat' dir='ltr'><em>(I</em></span> <span class='ocrx_word' id='word_1_315' title='bbox 416 4323 490 4402; x_wconf 88' lang='lat'><em>5,</em></span> <span class='ocrx_word' id='word_1_316' title='bbox 539 4324 617 4404; x_wconf 79' lang='lat'><em>33</em></span> <span class='ocrx_word' id='word_1_317' title='bbox 680 4321 750 4386; x_wconf 93' lang='lat' dir='ltr'><em>II</em></span> <span class='ocrx_word' id='word_1_318' title='bbox 811 4325 882 4404; x_wconf 87' lang='lat'><em>8,</em></span> <span class='ocrx_word' id='word_1_319' title='bbox 945 4324 1018 4406; x_wconf 84' lang='lat'><em>23</em></span> <span class='ocrx_word' id='word_1_320' title='bbox 1083 4325 1197 4407; x_wconf 86' lang='lat'><em>23,</em></span> <span class='ocrx_word' id='word_1_321' title='bbox 1267 4326 1378 4403; x_wconf 92' lang='grc'>12)</span> <span class='ocrx_word' id='word_1_322' title='bbox 1444 4332 1506 4388; x_wconf 90' lang='lat' dir='ltr'><em>et</em></span> <span class='ocrx_word' id='word_1_323' title='bbox 1566 4325 1791 4389; x_wconf 88' lang='lat' dir='ltr'><em>merita</em></span> <span class='ocrx_word' id='word_1_324' title='bbox 1852 4327 1987 4389; x_wconf 91' lang='lat' dir='ltr'><em>eius</em></span> <span class='ocrx_word' id='word_1_325' title='bbox 2047 4348 2086 4389; x_wconf 85' lang='lat' dir='ltr'><em>a</em></span> <span class='ocrx_word' id='word_1_326' title='bbox 2150 4328 2567 4410; x_wconf 87' lang='lat' dir='ltr'><em>compositore</em></span> 
     </span>
     <span class='ocr_line' id='line_1_37' title="bbox 313 4426 2566 4515; baseline 0.003 -26"><span class='ocrx_word' id='word_1_327' title='bbox 313 4426 591 4510; x_wconf 90' lang='lat' dir='ltr'><em>priorum</em></span> <span class='ocrx_word' id='word_1_328' title='bbox 635 4426 944 4490; x_wconf 88' lang='lat' dir='ltr'><em>librorum</em></span> <span class='ocrx_word' id='word_1_329' title='bbox 989 4428 1400 4508; x_wconf 80' lang='lat' dir='ltr'><em>extolluntur,</em></span> <span class='ocrx_word' id='word_1_330' title='bbox 1447 4429 1708 4513; x_wconf 89' lang='lat' dir='ltr'><em>colligat</em></span> <span class='ocrx_word' id='word_1_331' title='bbox 1758 4428 1955 4495; x_wconf 89' lang='lat' dir='ltr'><em>nobile</em></span> <span class='ocrx_word' id='word_1_332' title='bbox 2003 4428 2566 4515; x_wconf 81' lang='lat' dir='ltr'><em>Constantinopoli-</em></span> 
     </span>
     <span class='ocr_line' id='line_1_38' title="bbox 315 4532 2628 4626; baseline 0.002 -32"><span class='ocrx_word' id='word_1_333' title='bbox 315 4532 453 4595; x_wconf 85' lang='lat' dir='ltr'><em>tani</em></span> <span class='ocrx_word' id='word_1_334' title='bbox 511 4538 566 4595; x_wconf 86' lang='lat' dir='ltr'><em>et</em></span> <span class='ocrx_word' id='word_1_335' title='bbox 625 4532 755 4596; x_wconf 87' lang='lat' dir='ltr'><em>iam</em></span> <span class='ocrx_word' id='word_1_336' title='bbox 816 4538 1015 4597; x_wconf 86' lang='lat' dir='ltr'><em>aetate</em></span> <span class='ocrx_word' id='word_1_337' title='bbox 1054 4534 1460 4615; x_wconf 85' lang='lat' dir='ltr'><em>provectioris</em></span> <span class='ocrx_word' id='word_1_338' title='bbox 1503 4536 1803 4620; x_wconf 76' lang='lat' dir='ltr'><em>maqistri</em></span> <span class='ocrx_word' id='word_1_339' title='bbox 1848 4534 1915 4617; x_wconf 91' lang='lat' dir='ltr'><em>(i.</em></span> <span class='ocrx_word' id='word_1_340' title='bbox 1962 4558 2017 4601; x_wconf 90' lang='lat' dir='ltr'><em>e.</em></span> <span class='ocrx_word' id='word_1_341' title='bbox 2063 4535 2427 4626; x_wconf 85' lang='lat' dir='ltr'><em>Theophili)</em></span> <span class='ocrx_word' id='word_1_342' title='bbox 2470 4537 2565 4608; x_wconf 83' lang='lat' dir='ltr'><em>in·-</em></span> <span class='ocrx_word' id='word_1_343' title='bbox 2618 4573 2628 4583; x_wconf 93' lang='lat'><strong>·</strong></span> 
     </span>
    </p>
   </div>
  </div>
 </body>
</html>
