3150 5259
699 470 776 535 12
1754 470 1890 555 [62]

897 684 952 746 6.
1041 681 1472 747 Antecedenti
1531 680 1861 746 enuntiato
1925 682 2373 763 condicionali,
2434 683 2612 749 cuius
2656 686 2720 749 in
2782 686 2971 749 initio

687 783 922 867 legitur
983 788 1042 850 si
1083 787 1358 871 quidem,
1425 788 1483 849 si
1547 787 1722 871 quis,
1782 788 1856 868 si,
1923 790 2262 873 opponitur
2325 787 2497 851 aliud
2559 790 2971 855 enuntiatum

690 889 970 953 eiusdem
1032 898 1300 954 naturae
1361 910 1472 973 per
1533 890 1773 975 quodsi,
1836 891 2036 955 veluti
2082 892 2115 955 I
2161 895 2264 973 24,
2315 896 2343 956 1
2408 895 2479 957 si
2539 894 2785 977 quidem
2852 894 2971 957 ad-

687 995 991 1077 scriptum
1031 995 1238 1075 fuerit
1287 1044 1300 1058 .
1338 1043 1352 1058 .
1389 1044 1402 1057 .
1449 993 1740 1077 quodsi
1781 1014 1908 1057 non
1922 993 2137 1076 fuerit
2167 996 2561 1079 adscriptum
2593 994 2617 1077 11
2651 996 2749 1060 IV
2786 1000 2889 1077 17,
2925 1003 2967 1062 5

687 1099 763 1160 si
805 1098 1052 1182 quidem
1093 1099 1206 1162 iste
1232 1080 1492 1181 fundus
1525 1098 1836 1162 commode
1878 1100 2233 1183 reqionibus
2264 1101 2623 1165 divisionem
2668 1102 2967 1183 recipiat.

688 1200 994 1280 Quodsi
1067 1200 1378 1265 commode
1453 1200 1654 1265 dividi
1724 1222 1849 1265 non
1912 1206 2117 1286 possit
2164 1254 2177 1269 .
2213 1252 2227 1266 .
2264 1256 2277 1270 .
2312 1202 2335 1286 ΙΙ
2439 1204 2589 1268 Alia
2658 1204 2970 1287 exempla

685 1304 1000 1387 leguntur·
1030 1304 1065 1368 I
1111 1306 1210 1383 21,
1255 1325 1388 1388 pr.;
1436 1306 1538 1386 23,
1587 1306 1657 1385 63
1705 1305 1773 1368 II
1822 1308 1877 1385 1,
1926 1308 2041 1389 255
2089 1311 2191 1390 20,
2246 1312 2353 1390 14;
2401 1311 2504 1390 20,
2550 1304 2668 1391 2οξ
2732 1310 2837 1386 22,
2884 1311 2967 1389 33

687 1409 789 1490 23,
839 1410 950 1490 123
1012 1408 1117 1472 III
1164 1408 1220 1489 2,
1269 1410 1338 1491 63
1403 1409 1505 1491 19,
1553 1411 1613 1490 3,
1660 1412 1731 1491 4;
1780 1411 1883 1491 23,
1931 1412 2048 1490 3“;
2096 1412 2199 1491 25,
2249 1415 2314 1491 13
2363 1413 2464 1493 26,
2512 1414 2589 1493 8;
2639 1409 2733 1473 IV
2780 1416 2843 1492 4,
2891 1414 2962 1492 53

691 1512 790 1592 17,
839 1513 898 1576 3.

892 1617 949 1681 7.
1041 1612 1534 1698 Nonnumquam
1593 1615 1657 1679 in
1722 1618 2013 1681 omnibus
2072 1623 2373 1702 quattuor
2435 1617 2609 1681 libris
2668 1624 2811 1703 post
2871 1626 2965 1683 ut

687 1738 879 1783 cons
899 1740 1038 1783 eeu
1059 1720 1178 1783 tiv
1199 1741 1239 1782 u
1259 1741 1322 1783 m
1367 1718 1749 1785 indicativus
1779 1720 2059 1805 ponitur,
2106 1743 2249 1785 cum
2280 1723 2441 1787 inter
2471 1730 2542 1787 ut
2574 1729 2637 1786 et
2683 1722 2961 1787 verbum

679 1822 927 1886 finitum
995 1823 1355 1908 complures
1425 1823 1594 1889 aliae
1667 1825 2138 1891 enuntiationes
2213 1828 2630 1911 interpositae
2708 1832 2960 1904 extent,

683 1926 912 1991 veluti:

886 2031 921 2095 I
967 2033 1023 2109 6,
1075 2034 1109 2095 7
1168 2031 1474 2095 eveniebat
1516 2038 1635 2114 ut,
1698 2033 1805 2117 qui
1850 2082 1867 2098 .
1904 2084 1918 2097 .
1955 2081 1992 2113 .,
2028 2035 2200 2099 -lieet
2246 2083 2262 2099 .
2299 2085 2313 2101 .
2350 2083 2386 2116 .,
2452 2042 2661 2100 tamen
2723 2039 2781 2100 si
2831 2088 2846 2102 .
2883 2086 2899 2101 .
2936 2087 2955 2101 .

670 2142 990 2219 poterat
1033 2134 1058 2217 ΙΙ
1105 2137 1223 2219 25,
1273 2137 1350 2199 18
1407 2138 1475 2199 in
1520 2142 1765 2201 tantum
1824 2144 1945 2221 ut,
1991 2138 2131 2202 lieet
2176 2187 2189 2201 .
2224 2188 2239 2203 .
2275 2188 2313 2220 .,
2371 2141 2481 2223 qui
2527 2188 2541 2205 .
2578 2190 2593 2205 .
2631 2189 2668 2221 .,
2716 2141 2954 2205 adiecit

679 2260 743 2303 se
777 2290 790 2305 .
815 2288 829 2303 .
849 2288 864 2303 .
898 2239 1072 2321 dare,
1104 2246 1313 2303 tamen
1344 2241 1500 2321 (acc.
1527 2260 1578 2305 c.
1604 2240 1745 2321 inf.)
1781 2243 2282 2325 rescripserunt
2329 2244 2353 2325 ΙΙ
2402 2243 2471 2307 ΙΙ
2520 2246 2620 2320 17,
2666 2246 2701 2308 7
2753 2266 2955 2329 usque

679 2342 834 2407 adeo
877 2348 994 2423 ut,
1043 2344 1101 2406 si
1146 2391 1159 2405 .
1194 2392 1209 2407 .
1244 2392 1259 2407 .
1309 2345 1572 2428 eoeperit
1629 2349 1685 2406 et
1732 2393 1747 2408 .
1782 2391 1843 2407 ..
1894 2351 2007 2408 aut
2064 2345 2212 2429 quia
2274 2393 2288 2407 .
2321 2392 2336 2407 .
2370 2394 2385 2409 .
2430 2346 2499 2408 id
2557 2368 2683 2411 non
2730 2347 2951 2431 perfe-

679 2446 879 2526 cisset,
1117 2452 1372 2510 cautum
1434 2451 1548 2511 est
1624 2444 1648 2528 ΙΙ
1725 2449 1822 2529 16,
1870 2449 1908 2510 5
1956 2448 2110 2511 adeo
2170 2455 2277 2531 ut,
2342 2450 2399 2513 si
2445 2496 2573 2534 ...,
2634 2448 2949 2534 valebit„

677 2548 781 2613 III
833 2550 989 2627 1,16
1035 2550 1128 2613 ita
1173 2556 1379 2614 tamen
1421 2558 1538 2633 ut,
1586 2551 2107 2635 quemadmodum
2154 2601 2168 2616 .
2202 2600 2217 2616 .
2252 2602 2266 2615 .
2320 2554 2710 2618 statuit..
2772 2555 2945 2618 simi-

675 2654 819 2718 liter
861 2674 978 2719 nos
1024 2653 1184 2735 (acc.
1219 2674 1268 2717 c.
1300 2652 1444 2737 inf)
1490 2654 1597 2719 iub
1616 2676 1719 2719 em
1740 2676 1817 2719 us
1848 2654 1871 2739 ΙΙ
1905 2659 1967 2735 2,
2004 2660 2037 2721 7
2083 2658 2154 2721 id
2198 2664 2287 2720 est
2329 2664 2443 2737 ut,
2490 2604 2818 2742 quamvis.

673 2758 783 2841 qui
827 2806 841 2820 .
869 2808 882 2821 .
917 2806 929 2819 .
983 2763 1094 2821 aut
1137 2764 1442 2841 spreverit
1500 2804 1512 2817 .
1547 2805 1560 2820 .
1594 2806 1607 2820 .
1652 2758 2061 2825 nihilominus
2114 2806 2127 2820 .
2163 2810 2177 2826 .
2212 2810 2227 2825 .
2278 2762 2725 2825 admittuntur
2772 2761 2799 2844 ΙΙ
2843 2707 2943 2826 1V⁷

680 2862 735 2941 1,
763 2862 843 2924 14
874 2860 1030 2924 adeo
1060 2860 1303 2945 quidem
1345 2868 1462 2942 ut,
1508 2863 1793 2946 quamvis
1826 2914 1839 2928 .
1877 2914 1891 2928 .
1926 2912 1961 2945 .,
1992 2863 2399 2929 nihilominus
2432 2867 2740 2949 competit
2774 2868 2939 2930 actio

664 2965 858 3047 furti.

877 3070 1096 3154 Atque
1142 3070 1433 3133 consulto
1481 3070 1562 3133 ab
1610 3076 1882 3155 utroque
1925 3059 2349 3155 compositore
2407 3072 2497 3137 ita
2552 3074 2739 3137 scribi
2784 3073 2931 3137 inde

670 3172 1084 3256 intellegitur,
1129 3172 1296 3257 quod
1346 3172 1444 3235 IV
1494 3178 1592 3253 15,
1624 3178 1661 3238 5
1708 3174 1779 3237 id
1823 3182 1911 3239 est
1956 3182 2072 3257 ut,
2120 3178 2403 3261 quamvis
2451 3228 2464 3242 .
2502 3228 2516 3241 .
2554 3226 2591 3259 .,
2639 3184 2846 3241 tamen
2878 3179 2935 3240 si

669 3296 796 3339 non
841 3324 854 3337 .
887 3323 901 3338 .
937 3325 975 3356 .,
1021 3277 1128 3340 sed
1176 3325 1190 3340 .
1226 3323 1287 3340 ..
1333 3278 1599 3341 retinere
1630 3279 2083 3360 possessionem
2127 3280 2433 3359 videtur,
2480 3281 2586 3365 qui
2646 3281 2824 3344 locus
2870 3282 2933 3343 in

672 3379 793 3443 Gai
850 3378 1339 3445 Institutionum
1396 3381 1558 3445 libro
1620 3381 1718 3445 IV
1792 3385 1909 3446 153
1966 3383 2201 3466 legitur
2256 3383 2469 3468 ibique
2534 3384 2931 3448 subiunctivo

669 3483 858 3547 modo
883 3482 1027 3565 (vid
1040 3505 1070 3548 e
1086 3506 1127 3548 a
1143 3485 1326 3567 mur)
1348 3485 1610 3569 insignis
1634 3491 1745 3563 est,
1769 3486 1996 3551 modus
2014 3487 2388 3552 indicativus
2410 3488 2795 3553 substitutus
2818 3493 2929 3553 est.

592 3657 597 3661 ,
671 3587 856 3653 Oonf.
916 3588 1105 3652 etiam
1164 3588 1268 3651 III
1332 3591 1404 3667 7,
1452 3591 1491 3652 2
1549 3587 1835 3669 (cautum
1879 3597 1967 3655 est
2028 3636 2041 3651 .
2074 3639 2089 3655 .
2126 3641 2139 3656 .
2186 3599 2271 3655 ut
2315 3640 2330 3656 .
2364 3640 2379 3656 .
2412 3640 2427 3655 .
2462 3640 2475 3655 .
2521 3590 2932 3673 debebatur]

668 3710 810 3754 cum
873 3691 993 3755 Gai
1039 3693 1186 3757 inst.
1234 3692 1340 3756 III
1386 3696 1468 3757 42
1513 3692 1558 3775 [
1559 3699 1813 3758 cautum
1865 3700 1955 3758 est
2000 3742 2013 3759 .
2050 3746 2064 3759 .
2102 3746 2117 3761 .
2156 3742 2170 3758 .
2226 3702 2311 3759 ut
2355 3744 2369 3758 .
2408 3744 2422 3761 .
2458 3746 2472 3759 .
2530 3694 2927 3776 debeatur).

667 3792 854 3876 [Post
897 3802 967 3859 ut
1015 3797 1490 3861 consecutivum
1535 3798 1824 3882 sequitur
1866 3798 2215 3863 infinitivus
2264 3797 2328 3861 II
2363 3802 2417 3880 1,
2450 3800 2530 3863 39
2574 3800 2931 3883 conveniens

663 3905 752 3961 est
795 3906 880 3963 ut
927 3949 942 3964 .
977 3949 992 3964 .
1028 3950 1042 3965 .
1091 3920 1277 3981 esse3
1325 3900 1490 3966 conf.
1537 3900 1912 3966 Lachmann
1960 3903 2041 3966 ad
2092 3902 2229 3969 Gai.
2275 3902 2381 3967 III
2431 3904 2552 3967 160
2599 3924 2655 3967 n.
2707 3901 2840 3985 42.]

867 4212 994 4277 Sed
1053 4233 1136 4275 ex
1193 4211 1289 4275 his
1352 4218 1416 4276 et
1473 4212 1779 4278 similibus
1828 4214 2081 4279 minime
2136 4216 2421 4300 sequitur
2479 4236 2677 4279 unum
2722 4214 2925 4277 virum

660 4335 877 4379 omnes
925 4322 1224 4402 quattuor
1268 4316 1464 4381 libros
1511 4318 1961 4403 composuisse.
2054 4319 2243 4393 Quod
2289 4320 2341 4383 si
2386 4319 2475 4383 ita
2525 4325 2722 4400 esset,
2781 4338 2925 4382 cum

658 4440 786 4482 non
845 4440 1088 4504 paucae
1149 4441 1232 4484 ex
1302 4420 1376 4485 iis
1452 4422 1711 4487 vocibus
1781 4423 2366 4507 locutionibusque,
2431 4444 2701 4509 quarum
2770 4446 2923 4488 usus

655 4522 823 4586 idem
899 4531 994 4587 est
1064 4525 1129 4586 in
1211 4531 1512 4607 quattuor
1588 4527 2070 4591 Institutionum
2149 4527 2360 4609 libris,
2432 4529 2497 4592 in
2578 4528 2697 4591 illis
2751 4543 2922 4591 'con-
