3150 5259
1345 564 1484 649 [⁷5]
2038 540 2045 547 “
2460 558 2542 623 25

488 755 593 820 III
641 759 697 832 3,
742 778 838 840 pr.
884 777 1086 822 eos..
1136 758 1329 821 adeo
1375 756 1726 840 expellebat,
1771 763 1855 820 ut
1902 808 1915 822 .
1954 807 1967 821 .
2004 755 2207 837 .1125,
2254 756 2293 817 2
2340 753 2542 817 adeo

287 866 505 925 contra
565 862 635 941 Q.
681 859 888 923 Mucii
941 863 1308 925 sententiam
1369 862 1657 944 optinuit,
1705 868 1792 924 ut
1840 912 1853 925 .
1892 912 1905 925 .
1943 911 1956 925 .
2012 862 2039 937 Ιῑ
2092 861 2195 936 26,
2246 859 2283 919 6
2350 855 2543 919 adeo

283 962 434 1027 haee
478 966 571 1028 ita
615 971 788 1046 sunt,
848 970 931 1027 ut
976 1015 989 1029 .
1025 1015 1039 1029 .
1072 1011 1085 1025 .
1117 964 1142 1047 ΙΙ
1175 967 1288 1041 26,
1338 967 1376 1028 8
1424 965 1619 1028 adeo
1664 965 1941 1049 quidem,
1998 970 2080 1027 ut
2125 1013 2139 1028 .
2176 1014 2189 1027 .
2232 962 2547 1047 placuerit

284 1068 594 1132 inutiliter
638 1073 693 1130 te
738 1074 1048 1131 acturum.

491 1175 550 1235 6.
621 1170 825 1234 Prout
868 1172 1100 1253 legitur
1144 1169 1249 1233 III
1297 1174 1354 1249 9,
1403 1174 1440 1233 8
1476 1177 1728 1254 prout
1773 1190 1873 1234 res
1916 1171 2110 1253 exiqit
2159 1220 2172 1233 .
2208 1167 2413 1249 .Η12,
2447 1184 2544 1250 pr.

275 1281 539 1357 prout
584 1275 668 1337 eis
713 1276 864 1338 utile
907 1276 1103 1338 visum
1135 1274 1350 1357 fuerit
1396 1295 1470 1338 ea
1514 1275 1842 1357 disponere
1888 1272 2209 1357 (Theoph.
2243 1297 2329 1334 κα
2352 1270 2417 1331 θ’
2465 1266 2547 1331 ὃν

282 1374 362 1443 ἂν
418 1376 704 1442 συνίδοιεν
761 1375 1088 1462 συμφέρειν
1158 1376 1364 1454 αὐτοῖς
1429 1376 1759 1461 τρόπον)
1792 1378 1818 1458 ΙΙ
1850 1376 1948 1441 IV
2013 1380 2069 1457 7,
2141 1379 2220 1440 5⁸
2291 1381 2546 1460 prout

285 1502 435 1567 erqo
466 1482 709 1565 eaepedit
755 1530 768 1545 .
805 1532 819 1546 .
858 1533 871 1547 .
943 1481 1154 1546 Huius
1189 1482 1357 1545 vocis
1402 1483 1542 1546 loco
1594 1487 1967 1565 usurpatum
2014 1478 2545 1565 deprehendimus

283 1585 356 1650 II
403 1589 514 1671 11,
562 1589 599 1650 3
647 1586 811 1670 quod
854 1588 923 1649 in
970 1588 1196 1649 eastris
1252 1587 1522 1668 fecerint
1583 1591 2009 1649 testamentum
2066 1604 2192 1647 non
2240 1582 2546 1645 communi

283 1693 442 1773 iure,
505 1690 611 1754 sed
676 1690 1068 1774 quomodo
1135 1692 1441 1754 voluerint
1507 1687 1536 1771 ζ
1539 1716 1625 1753 κα
1647 1694 1710 1752 θ’
1774 1686 1843 1752 ὃν
1909 1685 2239 1771 ἠβουλήθη
2306 1682 2546 1748 διέθετο

281 1793 611 1876 τρόπον)
646 1794 670 1873 ΙΙ
703 1793 738 1856 Ι
784 1796 841 1871 6,
905 1795 939 1856 7
1003 1794 1061 1856 ei
1118 1794 1634 1877 quemadmodum
1692 1793 1860 1856 alias
1922 1815 2023 1857 res
2084 1796 2178 1859 ita
2241 1804 2296 1861 et
2338 1812 2547 1857 servos

285 1918 430 1962 suos
472 1900 541 1961 in
588 1898 815 1961 ultima
857 1898 1167 1961 voluntate
1199 1897 1544 1980 disponere,
1590 1898 2025 1981 quemadmo
2045 1899 2220 1965 dum
2264 1900 2547 1979 volu-erit,

271 2003 698 2087 permittimus
756 1997 988 2083 (ὥσπερ
1046 1997 1123 2063 to?
1182 1998 1334 2064 ἄλλα
1391 1999 1717 2083 πράγματα
1762 2006 2043 2064 διατυποῖ
2086 2001 2118 2065 ὁ
2165 2003 2294 2081 νέος
2360 2009 2547 2068 διατι-

283 2102 550 2186 θέμενος
594 2103 690 2181 ὡς
732 2102 1032 2185 βούλεται,
1070 2101 1230 2168 οὕτω
1267 2106 1364 2167 καὶ
1410 2103 1550 2180 τούς
1596 2104 1779 2181 ἰδίους
1824 2104 2054 2183 οἰκέτας
2079 2157 2092 2171 .
2120 2156 2133 2170 .
2162 2106 2226 2191 ..)

494 2210 548 2271 7.
637 2209 712 2272 In
776 2208 1139 2271 universum
1206 2216 1458 2271 constat
1525 2214 1862 2293 utrumque
1927 2214 2418 2295 compositorem
2479 2212 2541 2275 id

288 2313 661 2378 observasse
704 2311 1040 2377 discrimen
1087 2314 1250 2376 inter
1294 2314 1390 2376 ita
1437 2319 1500 2377 et
1544 2314 1637 2376 sie
1673 2313 2037 2397 particulas,
2083 2324 2153 2379 ut
2197 2317 2307 2382 illa
2350 2316 2427 2380 ad
2477 2315 2542 2380 id

285 2416 453 2500 quod
523 2416 811 2501 sequitur
878 2422 1156 2500 spectet,
1227 2416 1386 2481 haec
1455 2417 1516 2481 id
1588 2417 1888 2501 respiciat
1955 2419 2119 2503 quod
2182 2420 2542 2485 antecessit.

283 2520 410 2585 Sed
472 2520 535 2585 in
597 2522 1178 2604 comparationibus
1253 2522 1459 2585 minus
1524 2522 1691 2585 inter
1756 2543 1823 2584 se
1893 2524 2329 2606 consentiunt3
2398 2544 2543 2586 nam

283 2625 552 2709 legimus

486 2727 550 2812 1)
596 2728 699 2792 III
746 2731 860 2806 24,
907 2731 946 2792 2
991 2730 1206 2793 sieut
1268 2731 1451 2814 vulqo
1513 2728 1931 2813 quaerebatur
1977 2776 1991 2791 .
2026 2778 2039 2792 .
2072 2779 2085 2793 .
2146 2734 2270 2795 ita
2332 2732 2549 2815 quaeri

592 2832 839 2898 solebat.
931 2832 1041 2897 cfr.
1091 2835 1194 2917 27,
1245 2836 1319 2914 13
1366 2835 1468 2910 29,
1522 2836 1592 2915 13
1639 2832 1736 2897 IV
1784 2836 1840 2914 3,
1891 2836 2004 2916 143
2050 2836 2107 2908 6,
2155 2837 2268 2915 333

595 2944 814 3000 contra
859 2938 892 3001 I
943 2939 1039 3019 12,
1072 2939 1110 3000 5
1155 2939 1378 3001 sieut
1421 2939 1490 3001 in
1535 2936 1817 3001 domibus
1842 2940 2043 3020 finem
2088 2939 2394 3024 quendam
2425 2937 2546 3020 fa·

594 3043 784 3124 ciunt,
831 3044 948 3105 sic
991 3048 1049 3105 et
1092 3091 1105 3105 .
1149 3090 1163 3107 .

479 3143 551 3225 2)
597 3144 703 3207 III
754 3147 807 3223 1,
857 3148 935 3209 14
981 3148 1230 3230 inteqra
1275 3147 1483 3210 omnia
1527 3148 1691 3210 iura.
1724 3148 1842 3209 ita
1888 3149 2130 3211 servari
2193 3153 2433 3232 atque
2476 3144 2565 3209 si

589 3248 659 3311 in
709 3250 926 3331 patris
987 3250 1306 3313 naturalis
1363 3256 1665 3332 potestate
1718 3252 2189 3334 permansisset.
2263 3251 2301 3332 ζ
2304 3249 2401 3313 ita
2462 3284 2543 3293 -

596 3357 778 3435 atque
819 3353 879 3414 si
920 3350 1054 3415 fere
1099 3350 1266 3416 idem
1315 3353 1487 3418 valet
1516 3374 1592 3417 ac
1632 3354 1894 3437 perinde
1942 3390 2016 3399 -—-
2067 3374 2143 3418 ac
2187 3354 2283 3435 si)
2318 3352 2341 3434 Η
2376 3355 2478 3435 24,
2505 3355 2542 3416 3

590 3454 707 3517 hoe
751 3456 814 3517 it
838 3476 879 3519 a
924 3456 1203 3538 optinere
1250 3476 1335 3520 ac
1380 3457 1453 3520 si
1493 3458 1815 3522 naturalis
1858 3464 2011 3521 esset
2058 3462 2437 3522 contractus.

594 3567 815 3623 contra
858 3560 925 3623 II
980 3562 1074 3641 10,
1104 3563 1138 3624 7
1185 3568 1255 3625 ut
1301 3564 1421 3625 sic
1464 3561 1769 3626 habeatur
1815 3568 2054 3647 atque
2098 3563 2167 3626 si
2210 3567 2280 3625 ut
2310 3566 2547 3643 oportet

584 3663 835 3745 factum
883 3670 1052 3730 esset.

479 3764 549 3850 3)
594 3766 870 3849 1111,15
894 3768 1498 3853 quemadmodum
1521 3771 1621 3833 lea
1639 3768 2171 3834 XIItabularum
2198 3819 2210 3833 .
2236 3820 2249 3834 .
2275 3820 2288 3834 .
2312 3817 2325 3832 .
2346 3775 2544 3849 vocat,

592 3874 709 3935 ita
753 3877 810 3935 et
839 3874 1213 3955 principalis
1245 3873 1570 3955 dispositio
1620 3924 1633 3937 .
1670 3925 1683 3938 .
1720 3925 1733 3938 .
1782 3880 1985 3954 vocat,
2033 3872 2144 3937 cfr.
2179 3876 2237 3953 3,
2270 3875 2345 3956 ὃς
2396 3876 2451 3950 3,
2485 3875 2543 3937 6.

591 3982 813 4041 contra
844 3976 912 4039 II
947 3980 1003 4059 T,
1043 3979 1066 4038 1
1106 3984 1174 4039 ut
1219 4024 1233 4040 .
1269 4026 1282 4040 .
1317 4023 1330 4037 .
1365 3978 1481 4041 sic
1522 3979 1846 4061 procedat,
1892 3977 2542 4063 quemadmodum

595 4078 693 4162 (at
736 4080 770 4143 I
817 4083 875 4162 6,
911 4082 945 4143 7
995 4090 1058 4144 et
1103 4080 1173 4143 II
1223 4083 1279 4162 7,
1312 4084 1348 4143 3
1396 4082 1916 4166 quemadmodum
1963 4127 1976 4142 .
2011 4133 2025 4148 .
2061 4133 2075 4146 .
2124 4081 2217 4144 ita
2262 4080 2546 4164 legitur).

490 4186 547 4247 8.
636 4184 798 4248 Eece
840 4185 1188 4267 particulae
1234 4186 1337 4249 hic
1386 4191 1484 4251 est
1528 4208 1681 4249 usus
1726 4187 1787 4249 in
1835 4185 2389 4250 Institutionibus:

484 4290 544 4369 1)
593 4295 664 4351 ut
706 4308 838 4351 ecce
881 4291 972 4353 si:
1017 4289 1050 4351 I
1095 4291 1197 4368 21,
1246 4310 1379 4373 pr..·,
1425 4289 1494 4353 II
1547 4293 1601 4372 1,
1646 4294 1761 4369 253
1812 4295 1870 4371 4,
1922 4290 2138 4373 13111
2185 4292 2287 4371 26,
2331 4293 2402 4367 83
2447 4288 2547 4353 IV

596 4394 657 4471 6,
704 4389 864 4471 33⁶3
915 4395 972 4471 6,
1019 4392 1120 4456 36.
1182 4379 1187 4383 ’

459 4493 526 4575 2)
595 4501 666 4558 ut
709 4514 870 4560 eece:
915 4494 948 4559 I
997 4498 1094 4575 10,
1139 4499 1216 4569 63
1262 4496 1370 4560 III
1415 4498 1519 4577 24,
1564 4500 1622 4562 3.

457 4602 528 4677 3)
597 4619 726 4663 ecee
789 4608 855 4662 et
914 4620 1044 4664 ecee
1103 4600 1262 4663 enim
1324 4601 1388 4662 in
1451 4620 1582 4665 una
1644 4603 1997 4685 posteriore
2065 4602 2548 4668 Institutionum
