3150 5259
635 466 716 532 18

627 658 944 742 principis
988 710 1003 725 .
1037 711 1050 725 .
1086 710 1101 725 .
1157 662 1468 746 adoptare
1519 682 1665 746 pos-

629 769 794 826 sunt.

764 870 878 947 10,
925 870 962 931 9
1023 871 1081 933 si-
1140 891 1304 934 uxor
1364 876 1476 934 tua
1518 879 1669 955 post

631 969 972 1037 divortium
1003 995 1079 1043 ea:
1110 976 1238 1039 alio
1261 976 1478 1059 filiam
1520 994 1668 1057 pro-

632 1080 968 1160 creaverit,
1058 1078 1209 1143 haec
1295 1099 1420 1143 non
1465 1078 1536 1157 j„
1578 1084 1667 1142 est

629 1180 878 1264 quidem
947 1183 1249 1267 priviqna
1327 1189 1439 1245 tua
1456 1203 1483 1263 ;
1556 1182 1668 1246 sed

630 1281 927 1350 Iulianus
1002 1286 1361 1351 huiusmodi
1425 1288 1667 1372 nuptiis

631 1388 940 1454 abstinere
985 1390 1197 1456 debere
1245 1392 1356 1456 ait.
1632 1472 1639 1477 ⁴

756 1494 859 1578 25,
895 1516 986 1581 pr.
1023 1497 1150 1577 filii
1189 1502 1398 1560 autem
1441 1516 1658 1579 super·-

628 1601 802 1663 stites
904 1606 1148 1664 tantum
1245 1600 1332 1664 ad
1428 1599 1655 1663 tutelae

626 1704 718 1766 vel
763 1724 952 1771 curae
995 1708 1274 1771 muneris
1303 1706 1653 1770 excusatio-

625 1829 766 1872 nem
784 1816 1061 1893 prosunt
1071 1831 1096 1891 ;
1133 1809 1650 1890 defunctii—non

622 1920 912 1995 prosunt.
1029 1914 1140 1977 sed
1214 1914 1270 1976 si
1356 1914 1425 1975 in
1507 1910 1659 1976 bello

629 2018 850 2081 amissi
903 2024 1078 2099 sunt,
1139 2018 1488 2101 quaesitum
1550 2021 1659 2096 est,

588 2128 593 2135 ‘
631 2140 714 2182 an
756 2122 1024 2203 prosint.
1116 2119 1204 2184 E't
1249 2127 1491 2185 constat
1540 2172 1553 2185 .
1592 2170 1607 2185 .
1642 2168 1657 2183 .

760 2240 830 2304 II
875 2244 933 2316 5,
981 2245 1018 2305 5
1066 2241 1193 2307 Sed
1237 2246 1295 2307 si
1341 2244 1442 2307 cui
1483 2241 1658 2306 habi-

629 2346 784 2407 tatio
832 2346 1044 2430 leqata
1076 2349 1200 2411 sive
1231 2349 1440 2433 aliquo
1477 2345 1658 2410 modo

629 2450 963 2528 constituta
1031 2450 1146 2529 sit,
1169 2444 1446 2533 —l-neque
1503 2467 1659 2510 usus

624 2551 870 2617 videtur
929 2572 1118 2637 neque
1173 2572 1328 2615 usus
1365 2552 1656 2634 fructus,

625 2659 735 2723 sed
778 2659 964 2743 quasi
1008 2657 1354 2742 proprium
1399 2655 1659 2740 aliquod

627 2783 747 2828 ius.

1761 663 1767 778 1

1762 781 1766 991 ἔ

1760 1007 1765 1139 ἔ

1761 1263 1766 1398 3

1759 1415 1768 1589 ἒ

1867 672 2129 749 quntur,
2176 665 2284 730 sed
2327 674 2557 747 tamen,
2602 669 2755 753 quia
2806 706 2920 745 —‚

1868 770 2049 853 quasi
2092 791 2168 834 ea:
2214 778 2543 836 contractu
2584 773 2773 837 nasci
2818 774 2923 836 υἰ-

1869 873 2113 937 dentur.

1996 1493 2094 1557 IV
2132 1498 2227 1575 15,
2265 1498 2293 1559 1
2346 1502 2495 1559 suut
2538 1503 2747 1561 tamen
2792 1501 2914 1582 qui

1862 1603 2094 1679 putant
2146 1619 2353 1681 prop
2373 1601 2494 1663 rie
2559 1600 2908 1665 interdicta

1868 1721 1937 1764 ea
1984 1704 2205 1765 vocari
2247 1722 2405 1787 quae
2452 1751 2465 1766 .
2499 1750 2511 1763 .
2549 1726 2605 1785 .;
2650 1705 2756 1768 sed
2804 1711 2906 1769 ta·-

1866 1823 2006 1868 men
2050 1809 2319 1889 optinuit
2366 1857 2379 1871 .
2414 1854 2429 1871 .
2467 1855 2482 1870 .

1996 2236 2098 2301 III
2146 2240 2246 2319 24,
2300 2242 2326 2302 1
2380 2259 2504 2302 non
2559 2240 2903 2322 proprie

1866 2344 2089 2406 locatio
2133 2348 2189 2405 et
2237 2342 2563 2406 conductio
2612 2342 2903 2405 contrahi

1864 2449 2246 2531 intelleqitur
2261 2492 2277 2524 ‚
2352 2446 2457 2509 sed
2523 2467 2588 2510 eo
2652 2448 2897 2510 nomine

1859 2552 2283 2636 praescriptis
2329 2549 2529 2613 verbis
2569 2551 2731 2614 actio
2778 2549 2891 2613 da-

1868 2661 1994 2719 tur.

830 2902 890 2964 5.
981 2898 1246 2963 ulterius
1293 2897 1389 2961 his
1434 2898 1591 2961 locis
1637 2898 1899 2980 legitur:
1946 2896 2051 2959 ΙΙΙ
2097 2898 2156 2976 6,
2202 2899 2236 2960 7
2284 2917 2358 2960 eo:
2401 2896 2501 2960 his
2535 2900 2754 2982 palam
2802 2906 2886 2963 est

625 3004 997 3087 intelleyere,
1045 3002 1564 3086 quemadmodum
1609 3002 1775 3064 ulte
1792 3002 1865 3063 ri
1882 3020 1970 3063 us
2016 3020 2251 3084 quoque
2280 3001 2525 3084 qradus
2560 3022 2887 3066 numerare

625 3107 904 3171 debemus
935 3104 960 3187 ΙΙ
992 3106 1094 3170 III
1141 3108 1215 3188 2,
1264 3108 1302 3169 3
1350 3126 1597 3170 sorores
1654 3105 2013 3168 ulterius
2072 3124 2197 3168 non
2256 3107 2514 3189 capiunt
2546 3105 2569 3187 ΙΙ
2601 3105 2698 3170 IV
2752 3111 2803 3189 1,
2851 3110 2885 3168 3

623 3212 810 3273 immo
871 3210 1226 3274 ulterius
1277 3209 1536 3292 furtum
1596 3208 2004 3291 manifestum
2072 3193 2521 3273 eattendendum
2584 3216 2673 3273 est
2721 3211 2745 3291 Η
2793 3212 2885 3275 IV

629 3316 687 3392 6,
734 3315 808 3376 21
861 3314 1231 3377 ulterius
1281 3319 1488 3376 autem
1533 3313 1711 3375 nulla
1763 3313 1926 3376 actio
1972 3313 2343 3378 extenditur.

828 3415 977 3481 Non
1002 3417 1189 3500 idem,
1223 3422 1502 3481 attamen
1531 3416 1929 3499 aliquatenus
1970 3417 2170 3480 simile
2203 3416 2353 3500 quid
2381 3422 2573 3500 atque
2604 3420 2883 3501 ulterius,

624 3522 937 3605 significat
1002 3522 1195 3587 latius
1261 3520 1328 3584 II
1400 3523 1471 3584 11
1494 3568 1510 3599 ,
1574 3523 1649 3585 6:
1709 3521 1874 3605 quod
1916 3528 2141 3584 nostra
2202 3522 2561 3585 constitutio
2620 3522 2783 3586 lati
2796 3544 2885 3585 us

621 3626 951 3689 extendens
999 3626 1289 3709 permisit
1348 3623 1673 3707 omnibu33·
1734 3626 1797 3687 in
1860 3624 2035 3687 libris
2093 3623 2199 3687 III
2246 3630 2309 3687 et
2365 3624 2463 3689 IV
2520 3624 2883 3689 adverbium

620 3730 817 3793 latius
859 3750 940 3793 ne
987 3729 1184 3793 semel
1231 3728 1489 3812 quidem
1537 3728 2087 3813 deprehendunt-‚1

830 3834 890 3898 6.
979 3834 1164 3916 vulqo
1212 3832 1283 3915 (i.
1317 3854 1371 3899 e.
1406 3854 1533 3897 non
1578 3833 1762 3897 iustis
1806 3833 2045 3917 nuptiis
2091 3832 2464 3897 contractis)
2512 3834 2572 3896 in
2622 3842 2884 3919 utraque

621 3940 803 4020 parte
850 3956 1238 4021 quamquam
1286 3935 1552 4001 diversis
1586 3936 1793 4000 verbis
1828 3936 2135 4021 adpositis
2182 3937 2246 3999 in
2293 3958 2413 4000 usu
2462 3944 2586 4001 est:
2633 3937 2738 4001 III
2771 3942 2878 4019 3‚7

622 4040 860 4123 vulqo
905 4042 1339 4124 quaesitus
1363 4041 1552 4125 filius
1585 4038 1608 4122 ΙΙ
1640 4044 1700 4122 4,
1737 4043 1773 4103 3
1806 4041 2049 4121 liberos,
2100 4042 2207 4125 qui
2248 4043 2489 4126 vulqo
2534 4046 2885 4126 quaesiti

622 4150 769 4207 sunt
801 4144 932 4227 115,
979 4147 1019 4205 4
1085 4147 1328 4229 vulqo
1395 4142 1934 4229 quaesitoslll
1993 4148 2065 4227 4,
2134 4166 2229 4229 pr.
2298 4147 2594 4229 quoniam
2660 4148 2883 4231 vulqo

625 4255 1067 4330 conceptus
1111 4256 1217 4313 est.

829 4441 849 4477 ²
886 4439 1232 4507 Praepositio
1267 4440 1417 4490 ultra
1452 4456 1553 4506 per
1591 4456 1774 4492 omnes
1814 4448 2078 4509 quattuor
2096 4444 2268 4495 libros
2306 4443 2493 4497 eodem
2535 4444 2693 4499 modo
2728 4460 2878 4501 usur·

623 4528 818 4591 patui-z
857 4526 886 4577 Ι
921 4524 1004 4591 25,
1047 4525 1138 4589 16;
1176 4526 1234 4577 II
1273 4525 1351 4591 18,
1392 4527 1451 4592 1;
1489 4529 1575 4580 111
1611 4527 1708 4593 213
1744 4527 1823 4579 IV
1860 4528 1911 4594 3,
1948 4530 1995 4583 9.
