3150 5259
1330 523 1468 607 [83]
2445 522 2527 582 33

1311 716 1346 797 g
1393 718 1492 780 10.

477 880 844 967 Sequuntur
891 901 965 943 ea
1013 881 1226 964 verba,
1279 902 1442 966 quae

451 1016 514 1091 1)
581 1012 642 1074 in
687 1011 1004 1095 prioribus
1049 1011 1222 1075 libris
1269 1031 1412 1073 cum
1457 1010 1595 1072 aliis
1641 1006 2212 1091 praepositionibus
2278 1006 2531 1070 coniun-

578 1123 818 1198 guntur
863 1122 1054 1199 atque
1099 1116 1163 1179 in
1209 1113 1708 1199 posterioribusr,¹

443 1221 511 1300 2)
580 1220 642 1283 in
703 1220 1030 1283 enuntiato
1095 1219 1388 1303 primario
1452 1218 1542 1281 ita
1608 1223 1953 1303 ponuntur,
2017 1222 2090 1281 ut
2135 1214 2533 1279 enuntiatum

579 1323 1040 1405 secundarium,
1105 1322 1276 1406 quod
1339 1343 1420 1385 ex
1467 1322 1540 1385 iis
1586 1322 1843 1403 pendet,
1904 1320 1968 1383 in
2014 1320 2211 1383 altera
2274 1318 2532 1382 Institu-

579 1426 821 1491 tionum
883 1434 1065 1511 parte
1126 1448 1240 1511 per
1301 1432 1370 1490 ut
1433 1446 1570 1488 cum
1620 1426 2018 1489 subiunctivo
2085 1423 2418 1503 efficiatur,
2469 1422 2530 1486 in

577 1532 778 1597 altera
822 1552 938 1615 per
986 1532 1414 1613 accusativum
1461 1550 1601 1594 cum
1644 1530 1969 1613 infinitivo,

473 1649 591 1713 Ad
648 1656 695 1713 1.
785 1674 842 1716 a.
890 1650 1179 1715 Verbum
1212 1652 1518 1729 abstinere
1554 1670 1697 1713 eum
1729 1650 1897 1713 nudo
1946 1647 2224 1713 ablativo
2273 1646 2533 1711 coniun-

269 1738 473 1837 gitur:
537 1754 562 1818 Ι
615 1756 724 1837 10,
787 1757 824 1818 6
887 1754 1289 1839 quarundam
1348 1755 1591 1837 nuptiis
1651 1754 2063 1827 abstinere
2124 1772 2361 1828 necesse
2424 1758 2531 1831 est,

271 1856 385 1922 cfr.
436 1861 534 1940 10,
584 1857 768 1941 91111
817 1861 872 1940 1,
924 1862 952 1921 1
1006 1859 1152 1922 dum-
1200 1866 1404 1923 tamen
1463 1858 1629 1922 villis
1686 1863 1745 1919 ct
1804 1858 2214 1931 monumentis
2259 1862 2313 1918 et
2363 1854 2531 1917 aedi-

256 1962 431 2044 ficiis
494 1961 1027 2041 abstineatlll
1081 1965 1176 2043 10,
1245 1965 1272 2024 1
1341 1961 1743 2047 quarundam
1806 1961 2047 2043 nuptiis
2112 1959 2531 2034 abstinen-

269 2066 454 2129 dum
497 2073 604 2148 est,
650 2066 758 2130 ubi
807 2066 929 2130 Gai
973 2064 1175 2130 inst.I
1224 2068 1303 2131 58
1349 2066 1695 2149 praebent:
1757 2087 1796 2128 a
1844 2065 2246 2148 quarundam
2292 2064 2533 2145 nuptiis

271 2167 653 2245 abstinere
697 2170 997 2234 debemus,
1091 2169 1332 2233 Contra
1363 2167 1459 2232 lV
1503 2171 1563 2250 2,
1602 2172 1626 2230 1
1683 2168 1939 2252 quidem
1986 2167 2155 2231 idem
2199 2167 2307 2230 ille
2352 2167 2530 2229 abla-

264 2273 431 2334 tivus
495 2272 700 2337 nudus
763 2273 991 2356 legitur
1052 2278 1122 2336 ut
1181 2293 1255 2335 cae
1315 2272 1434 2335 hac
1499 2292 1695 2335 causa
1742 2273 1909 2335 omni
1952 2275 2191 2354 rapina
2251 2270 2528 2333 homines

273 2376 730 2456 abstine-ant3
779 2382 844 2439 at
876 2374 962 2440 III
1003 2379 1099 2457 11,
1134 2378 1170 2439 5
1205 2374 1504 2439 abstinuit
1534 2397 1599 2445 se
1644 2374 1727 2437 ab
1758 2375 2111 2452 hereditate,
2144 2394 2522 2459 quamquam

269 2478 348 2542 ab
393 2480 864 2563 praepositione
909 2486 1127 2543 carent
1171 2479 1317 2564 Dig.
1343 2477 1623 2543 XXXX
1669 2482 1728 2559 5,
1776 2482 1837 2561 4,
1887 2480 1941 2555 1‚
1989 2478 2157 2541 unde
2204 2483 2377 2541 totus
2422 2477 2527 2539 ille

266 2584 447 2649 locus
495 2584 622 2648 fere
669 2584 748 2646 ad
797 2585 1062 2648 verbum
1109 2583 1520 2667 depromptus
1568 2588 1679 2648 est.

477 2688 537 2752 b.
584 2686 721 2752 Nee
768 2709 951 2753 secus
999 2686 1055 2752 II
1105 2691 1172 2769 9,
1224 2691 1252 2750 1
1303 2688 1571 2771 legimus
1618 2686 1783 2771 quod
1828 2703 1911 2751 ex
1948 2687 2167 2770 patris
2210 2686 2533 2751 occasione

262 2790 621 2874 profectum
679 2798 797 2873 est,
858 2792 946 2855 ad
989 2812 1129 2855 eum
1179 2793 1514 2866 revertitur
1570 2789 1889 2873 (Theoph.
1934 2787 2082 2871 ὅπερ
2144 2792 2217 2853 ἐκ
2261 2794 2375 2871 τῆς
2416 2794 2529 2851 τοῦ

272 2892 497 2976 πατρὸς
557 2893 911 2979 προφάσεως
954 2888 1210 2977 ἦλθεν),
1274 2893 1374 2958 IV
1425 2897 1524 2970 16,
1569 2897 1605 2957 3
1671 2900 1883 2957 autem
1936 2894 2254 2957 actionum
2296 2892 2532 2975 princi-

261 3000 441 3081 pium
507 2998 594 3061 ab
653 3019 727 3063 ea
767 3005 952 3081 parte
997 2999 1179 3062 edicti
1213 2998 1789 3082 proficiscitur,
1851 3017 1977 3081 qua
2026 3045 2040 3061 .
2078 3046 2091 3061 .
2127 3048 2141 3061 .
2214 2994 2527 3079 (Theoph.

271 3103 346 3163 ἐκ
393 3150 408 3165 .
441 3150 454 3163 .
490 3151 502 3164 .
550 3098 842 3181 λαμβάνει
887 3100 1002 3181 τήν
1045 3100 1394 3188 πρόφασιν).

471 3225 522 3269 c.
572 3203 859 3269 Verbum
879 3206 1283 3269 extenderem
1303 3206 1514 3285 priore
1537 3204 2018 3269 Institutionum
2043 3210 2222 3289 parte
2248 3205 2530 3287 iungitur

268 3308 722 3392 praepositioni
777 3310 846 3373 in
905 3308 1090 3373 modo
1139 3330 1280 3372 cum
1331 3308 1704 3371 ablativo
1766 3310 1957 3372 modo
2004 3329 2147 3372 cum
2194 3329 2527 3373 aecusa-

267 3412 472 3493 tivo,
531 3412 594 3475 in
640 3412 995 3496 posteriore
1039 3419 1221 3495 parte
1266 3413 1721 3495 praepositioni
1766 3414 1835 3475 in
1882 3432 2023 3475 cum
2070 3411 2247 3476 solo
2298 3410 2531 3474 abla-

268 3516 462 3579 tivo.
554 3514 737 3580 Haec
799 3515 996 3581 affero
1044 3518 1368 3600 exempla:
1433 3514 1459 3580 Ι
1506 3518 1610 3596 22,
1655 3536 1746 3600 pr.
1796 3516 2191 3579 extendere
2250 3516 2317 3577 in
2364 3534 2530 3578 mas-

270 3620 454 3682 culos
486 3619 508 3698 ΙΙ
543 3621 644 3698 24,
692 3620 730 3682 2
775 3618 1208 3683 eoetcnditur
1250 3621 1318 3683 in
1361 3620 1631 3683 heredes
1663 3618 1685 3701 ΙΙ
1711 3612 1775 3683 II
1827 3621 1925 3697 19,
1986 3622 2022 3682 6
2080 3618 2410 3682 extendit
2462 3619 2531 3681 in

269 3722 631 3801 militibu33
679 3730 898 3787 contra
944 3722 1032 3789 III
1079 3726 1183 3805 27,
1231 3727 1264 3787 7
1313 3723 1623 3788 eoetendi
1682 3725 1751 3787 in
1797 3722 2118 3787 omnibus
2180 3723 2429 3806 Zeqatis
2473 3728 2529 3784 et

260 3825 786 3906 fideicommissis.

466 3930 580 3993 Ad
626 3934 682 3993 2.
751 3954 808 3996 a.
855 3929 1140 3995 Verbum
1189 3953 1402 3995 cavere
1445 3934 1727 4017 sequitur
1771 3938 1869 3996 ut:
1918 3930 1944 3995 I
1991 3934 2092 4013 25,
2130 3932 2245 4010 133
2296 3931 2398 4009 26,
2449 3931 2525 4010 93

271 4030 327 4095 II
375 4035 435 4115 6,
479 4054 606 4116 pr.;
653 4032 742 4099 III
789 4037 848 4116 3,
895 4037 964 4117 23
1016 4038 1070 4107 7,
1120 4039 1196 4113 43
1244 4034 1339 4100 IV
1392 4037 1490 4115 11,
1537 4040 1595 4099 4.
1688 4034 1925 4099 Contra
1971 4054 2111 4098 cum
2158 4032 2523 4098 accusativo

270 4156 410 4198 eum
458 4137 763 4202 infinitivo
809 4139 873 4203 in
917 4138 1125 4221 priore
1159 4139 1637 4202 Institutionum
1671 4144 1872 4223 parte,
1906 4160 2031 4202 non
2064 4139 2126 4201 in
2175 4137 2525 4223 posteriore

271 4240 698 4323 coniungitur:
759 4239 817 4306 II
878 4245 937 4322 6,
1002 4246 1079 4306 14
1141 4249 1395 4306 cavetur
1451 4263 1591 4306 eum
1638 4294 1651 4307 .
1689 4294 1703 4307 .
1740 4292 1753 4306 .
1804 4263 1991 4327 posse
2046 4243 2339 4326 repellere
2370 4239 2393 4323 ΙΙ
2426 4242 2529 4323 20,

271 4342 350 4407 25
396 4344 606 4427 leyata
649 4346 845 4429 repeti
886 4365 1012 4409 non
1047 4365 1231 4429 posse
1276 4395 1290 4410 .
1327 4394 1341 4408 .
1376 4395 1390 4410 .
1439 4352 1694 4409 cautum
1738 4352 1842 4409 est.

471 4445 741 4513 Cavetur
785 4438 889 4512 vel
935 4456 1189 4513 cautum
1234 4457 1341 4531 est,
1385 4470 1469 4512 ne
1510 4450 1575 4511 in
1618 4450 1757 4513 sola
1803 4450 2015 4533 priore
2046 4448 2527 4513 Institutionum

269 4558 449 4637 parte
508 4553 576 4616 in
621 4574 741 4617 usu
789 4560 914 4617 est:
980 4551 1038 4617 II
1090 4556 1189 4634 17,
1238 4556 1271 4616 7
1339 4553 1469 4616 divi
1513 4552 1873 4618 Pertinacis
1936 4555 2218 4617 oratione
2282 4557 2531 4615 cautum

2252 4655 2317 4709 6*
