3150 5259
565 516 609 593 s,
1632 512 1771 605 [56]

774 704 900 768 Sed
962 704 1226 788 carptim
1284 703 1687 788 breviterque
1747 703 1913 768 hanc
1972 725 2106 769 rem
2167 704 2259 769 ita
2314 704 2720 788 perstringit,
2786 704 2887 763 ut

567 807 906 891 largiorem
968 812 1163 893 atque
1224 829 1303 870 ex
1365 814 1546 891 parte
1606 807 1911 871 intactam
1974 808 2309 873 materiam·
2366 809 2505 871 aliis
2552 810 2885 871 reservet

565 912 1094 995 perlustrandam.
1173 909 1343 975 Nihil
1377 911 1542 975 enim
1575 911 1815 995 profert
1844 911 1963 977 nisi
1994 913 2333 977 nonnullos
2373 907 2879 991 ‘soloecismos’,

570 1037 730 1100 quos
775 1037 813 1079 a
856 1015 1314 1100 posterioribus
1362 1014 1518 1099 (ΙΙΙ.
1566 1014 1697 1099 IV)
1753 1016 1927 1080 libris
1990 1017 2232 1081 alienos
2294 1038 2433 1081 esse
2490 1014 2878 1080 contendit.

573 1120 864 1195 Quorum
907 1119 1146 1204 primus
1196 1127 1324 1184 est:

695 1292 712 1309 .
786 1222 852 1303 1)
899 1223 1271 1287 medevimus
1329 1221 1397 1285 II
1457 1224 1572 1302 20,
1620 1224 1734 1286 27:
1790 1224 2149 1287 constitutio
2197 1274 2211 1288 .
2250 1274 2263 1287 .
2300 1274 2314 1288 .
2352 1243 2475 1306 per
2535 1242 2724 1307 quam
2792 1226 2881 1284 et

571 1326 716 1391 huie
778 1328 959 1409 parti
1029 1326 1530 1391 medevimaS.
1646 1325 1771 1400 Qui
1836 1326 2195 1411 composuit
2267 1326 2502 1390 librum
2564 1325 2873 1403 tertium,

575 1430 805 1495 eodem
871 1429 1062 1494 modo
1129 1450 1255 1514 quo
1322 1430 1470 1494 boni
1535 1432 1878 1514 scr1ptores
1940 1431 2191 1514 scripsit
2254 1430 2360 1494 III
2421 1432 2492 1510 2,
2540 1427 2648 1493 3¹³:
2713 1450 2873 1493 non

575 1541 785 1598 tamen
829 1554 926 1597 eos
969 1535 1040 1597 in
1060 1534 1317 1619 plenum
1351 1554 1583 1598 causae
1628 1532 1936 1597 mederi
1976 1535 2343 1599 invenimuS.
2414 1533 2593 1597 Idem
2627 1540 2871 1597 autem

575 1637 843 1701 verbum
885 1637 1158 1721 legimus
1205 1638 1395 1701 etiam
1440 1637 1509 1700 ΙΙ
1543 1638 1603 1720 7,
1637 1640 1706 1701 4:
1756 1636 1868 1701 hoe
1913 1638 2096 1721 quasi
2125 1636 2405 1701 invidiae
2440 1639 2701 1721 plenam
2725 1657 2868 1720 per

574 1748 858 1807 nostram
889 1742 1382 1805 constitutionem
1423 1740 1740 1805 mederi
1780 1743 2200 1805 necessarium
2234 1740 2549 1806 duximus,
2643 1739 2859 1805 Vides

574 1846 768 1931 igitur
829 1866 1006 1927 eum,
1055 1848 1163 1930 qui
1221 1846 1496 1929 priorem
1554 1846 2034 1910 Institutionum
2080 1852 2329 1930 partem
2394 1846 2859 1930 composuerit,

575 1969 699 2013 non
753 1947 1158 2013 abhorruisse
1206 1947 1459 2034 quidem
1509 1948 1588 2012 ab
1633 1948 1945 2014 infinitivo
1994 1949 2172 2013 verbi
2227 1949 2635 2035 deponentis,
2696 1970 2855 2013 con-

576 2052 860 2117 iunxisse
905 2057 1117 2116 autem
1165 2074 1309 2117 eum
1359 2074 1500 2117 curn
1547 2054 1931 2119 accusativo,
2021 2052 2188 2117 Num
2234 2054 2503 2118 fortasse
2550 2053 2656 2116 illo
2702 2052 2852 2116 loco

578 2158 966 2220 constructio
1029 2156 1374 2221 accusativi
1431 2178 1572 2221 cum
1632 2157 1941 2221 infinitivo
2004 2158 2315 2241 passivi
2374 2158 2568 2221 statui
2623 2158 2852 2239 possit,

579 2268 651 2324 ut
698 2260 792 2323 vir
835 2260 942 2323 ille
973 2260 1294 2345 putandus
1340 2260 1419 2325 sit
1444 2281 1637 2325 unam
1666 2261 1933 2324 formam
1967 2262 2231 2326 medere
2272 2262 2336 2325 in
2382 2284 2503 2326 usu
2547 2260 2854 2324 habuisse

579 2363 771 2449 idque
805 2364 1068 2427 verbum
1102 2371 1167 2428 et
1198 2364 1414 2429 dativo
1450 2371 1512 2428 et
1541 2367 1903 2430 accusativo
1936 2366 2327 2450 pronominis
2361 2364 2853 2431 demonstrativi

579 2467 639 2531 in
688 2474 916 2533 neutro
965 2488 1200 2550 genere
1261 2470 1452 2553 positi
1513 2469 1911 2551 adiunxisse,
1959 2469 2021 2533 id
2071 2470 2485 2534 iniudicatum
2531 2470 2849 2555 relinquo,

579 2572 726 2655 quia
788 2571 912 2634 alia
975 2572 1267 2655 exempla
1326 2572 1576 2638 desunt.
1687 2572 1877 2647 Quod
1936 2572 2188 2657 quidem
2274 2574 2365 2637 ita
2432 2572 2593 2637 sumi
2655 2592 2852 2656 posse

579 2674 790 2739 nescio
825 2696 908 2738 an
941 2674 1264 2751 concedas,
1297 2696 1441 2739 cum
1474 2676 1686 2741 videas
1717 2677 2083 2761 posterioris
2114 2678 2312 2761 partis
2357 2677 2847 2761 compositorem

579 2776 715 2859 (III
763 2780 820 2855 6,
869 2780 937 2841 9:
983 2780 1408 2843 necessarium
1453 2780 1747 2845 dussimus
1794 2833 1807 2847 .
1842 2830 1856 2843 .
1892 2830 1905 2845 .
1953 2783 2138 2845 etiam
2184 2801 2284 2845 eos
2316 2781 2645 2864 praesenti
2686 2779 2849 2845 libro

579 2881 878 2962 inscribi)
945 2885 1366 2947 necessarium
1440 2884 1732 2948 duoeimus
1799 2884 2201 2949 coniunxisse
2270 2905 2410 2949 cum
2478 2885 2845 2949 accusativo

581 3005 723 3049 cum
768 2985 1079 3049 infinitivo
1126 2988 1461 3072 passivi.

789 3087 860 3172 2)
899 3092 1288 3173 praestavit:
1333 3089 1396 3153 II
1445 3094 1506 3175 1,
1553 3093 1669 3172 253
1736 3094 1793 3174 7,
1841 3094 1915 3173 23
1985 3094 2095 3173 19,
2142 3094 2201 3158 6.
2291 3090 2493 3155 Recte
2540 3089 2848 3154 Huschke

580 3194 697 3257 hos
744 3199 870 3258 tres
915 3194 1091 3258 locos
1140 3195 1413 3280 collegit,
1460 3203 1719 3281 praeter
1782 3217 1942 3279 quos
2001 3197 2204 3259 forma
2238 3196 2594 3279 praestavit
2640 3195 2701 3257 in
2744 3193 2848 3257 In-

581 3296 1016 3363 stitutionibus
1061 3319 1190 3362 non
1236 3299 1505 3382 legitur3
1551 3321 1699 3363 nam
1747 3299 1809 3361 in
1844 3299 2005 3363 libro
2040 3299 2144 3362 III
2178 3301 2309 3377 (14,
2342 3300 2381 3359 4
2422 3298 2847 3393 praestiterit!

580 3403 695 3481 24,
755 3404 792 3465 5
847 3403 1241 3485 praestiterit
1280 3404 1290 3481 Ι
1329 3405 1431 3484 26,
1496 3406 1527 3467 7
1588 3402 2015 3487 praestiteris)
2079 3403 2315 3487 ubique
2380 3402 2578 3465 altera
2644 3403 2849 3466 forma

583 3506 834 3569 obviam
895 3505 985 3569 fit.
1075 3492 1210 3571 Nec
1272 3511 1514 3583 tamen,
1551 3506 1821 3571 alienam
1888 3506 1967 3569 ab
2032 3527 2130 3587 eo,
2196 3506 2302 3590 qui
2349 3506 2589 3589 priores
2651 3506 2846 3570 libros

583 3610 956 3694 composuit,
1002 3609 1272 3673 formam
1314 3612 1607 3693 praestiti
1634 3610 1832 3675 fuisse
1865 3610 2055 3674 docet
2086 3609 2153 3673 II
2188 3612 2289 3692 19,
2322 3612 2359 3673 6
2405 3610 2851 3692 praestitit

581 3714 694 3778 hoc
755 3714 1138 3798 beneficiam,
1208 3735 1333 3799 quo
1397 3714 1539 3778 loco
1606 3721 1879 3797 utraque
1942 3713 2147 3777 forma
2212 3714 2318 3775 vix
2362 3712 2613 3777 duabus
2670 3712 2849 3776 lineis

583 3817 782 3881 altera
843 3817 922 3881 ab
984 3816 1187 3881 altera
1249 3824 1498 3883 secreta
1559 3819 1815 3901 legitur.
1922 3818 2141 3903 Atque
2207 3838 2346 3880 cum
2409 3815 2711 3901 exemplis
2768 3838 2849 3880 ex

585 3921 1142 3986 constitutionibus
1189 3921 1541 4005 Iustiniani,
1589 3943 1752 4006 quae
1793 3920 2005 3987 Codici
2051 3920 2325 3985 insertae
2373 3928 2542 4004 sunt,
2591 3921 2848 3985 demon-

585 4031 822 4089 stretur
868 4032 1206 4110 utramque
1251 4026 1514 4091 formam
1562 4033 1697 4091 tum
1729 4025 2133 4109 temporis-in
2166 4047 2283 4089 usu
2319 4023 2533 4104 fuisse,
2580 4024 2852 4089 efficitur

584 4148 712 4193 non
760 4135 890 4192 tam
915 4129 1358 4194 soloecismum
1407 4151 1546 4194 esse
1582 4128 1991 4194 statuendum
2040 4148 2226 4213 quam
2261 4150 2423 4205 euin,
2471 4128 2576 4211 qui
2610 4128 2850 4211 priores

582 4232 776 4297 libros
822 4233 1296 4317 conscripserit,
1343 4239 1677 4319 utramque
1721 4234 1988 4298 formam
2050 4232 2400 4297 secundum
2448 4232 2697 4295 dicendi
2744 4232 2849 4317 qui

585 4342 717 4399 tum
791 4343 928 4400 erat
1004 4358 1187 4401 usum
1257 4338 1693 4425 usurpavisse,
1770 4336 2041 4401 formam
2116 4343 2332 4402 autem
2398 4338 2725 4420 praesta-vi
2788 4336 2850 4399 in

584 4439 820 4504 deliciis
866 4440 1182 4507 habuisse.
1275 4441 1450 4516 Quos
1497 4464 1689 4527 supra
1733 4440 2079 4525 significavi
2129 4428 2379 4505 Codicis
2443 4441 2619 4505 locos
2664 4461 2836 4504 nunc

585 4562 911 4629 propono:
972 4545 1040 4609 II
1087 4548 1203 4629 55,
1252 4550 1311 4628 4,
1360 4549 1397 4611 3
1439 4548 1998 4634 praestiterit
2042 4548 2467 4611 iuramentum
2512 4545 2678 4629 quod
2724 4596 2739 4610 .
2775 4593 2789 4609 .
2834 4558 2854 4613 Π
