3150 5259
549 1766 652 1830 Ab
736 1766 1312 1854 iureconsultorum
1414 1764 1847 1829 Romanorum
1946 1766 2191 1851 scriptis
2299 1767 2611 1852 philologi

341 1871 642 1935 Germani
687 1870 901 1935 nescio
952 1890 1082 1951 qua
1130 1870 1426 1933 commoti
1477 1890 1671 1933 causa
1718 1874 1962 1932 tantum
2020 1890 2151 1933 non
2196 1890 2415 1936 omnes
2462 1894 2607 1938 sese

339 1974 782 2055 abstinuerint,
849 1994 967 2038 nec
1033 1978 1287 2059 praeter
1335 1972 1716 2037 Carolum
1776 1974 2409 2058 Lachmannum,
2469 1975 2609 2040 Io-

338 2096 614 2141 annem
663 2075 1155 2160 Vahlenum,
1201 2075 1739 2160 Rudolphum
1786 2077 2333 2159 Schoellium,
2394 2080 2609 2164 etqui

338 2178 724 2243 difficiliores
771 2179 1174 2264 quaestiones
1221 2177 1304 2244 ad
1336 2180 1803 2244 iureconsultus
1833 2179 2165 2245 Romanos
2209 2182 2607 2265 pertinentes

340 2289 772 2347 tractaverunt
831 2282 1351 2362 Theodorum
1398 2282 1979 2347 Mommsenum
2037 2290 2230 2368 atque
2276 2283 2608 2349 Guilel-

339 2407 539 2449 mum
608 2384 1264 2451 Studemundum
1331 2388 1476 2451 novi
1539 2386 1647 2471 qui
1704 2386 1767 2450 in
1827 2393 2013 2471 parte
2073 2388 2183 2450 illa
2250 2388 2607 2452 litterarum

335 2487 768 2554 Romanarum
816 2489 1002 2553 foede
1047 2490 1342 2573 neglecta
1370 2490 1783 2573 grammatica
1814 2490 2029 2553 studia
2072 2491 2420 2574 posuerint.
2492 2493 2607 2555 At-

339 2593 444 2676 qui
490 2592 892 2677 philologieis
941 2612 1102 2677 quae
1133 2589 1265 2656 nar’
1300 2590 1523 2675 ἐξοχήν
1569 2592 1865 2657 dicuntur
1896 2587 2122 2657 studiis
2154 2595 2347 2677 vulgo
2398 2595 2608 2659 omnia

338 2717 412 2761 ea
473 2696 998 2778 adnumerantur,
1079 2718 1242 2783 quae
1304 2696 1382 2760 ad
1447 2698 1735 2780 singulas
1796 2704 1963 2761 artes
2023 2704 2089 2761 et
2144 2696 2503 2783 disciplinas
2566 2719 2603 2763 a

339 2800 602 2865 Graecis
651 2806 714 2863 et
756 2799 1065 2865 Romanis
1112 2799 1316 2865 cultas
1360 2807 1673 2885 spectant,
1719 2800 1920 2865 veluti
1950 2798 2031 2863 ad
2072 2800 2607 2882 mathematicam,

337 2904 845 2984 astronomicam,
892 2905 1216 2987 musicam,
1266 2905 1617 2989 physicam,
1644 2903 2178 2988 mineralogicam,
2218 2904 2602 2981 botanicam‚

336 3009 760 3093 zoologicam‚
819 3008 1194 3074 medicinam
1244 3014 1386 3091 etc.,
1448 3029 1834 3093 quamquam
1880 3007 2158 3073 Romani
2218 3008 2281 3071 in
2330 3006 2427 3071 his
2480 3006 2605 3072 dis-

340 3111 582 3197 ciplinis
639 3112 929 3177 omnibus
988 3133 1214 3197 parum
1263 3110 1708 3197 profecerunt3
1768 3131 1896 3175 non
1956 3110 2457 3177 adnumerantur
2502 3111 2604 3175 vel

337 3215 447 3278 vix
521 3214 1018 3280 adnumerantur
1089 3215 1303 3280 studia
1374 3216 1436 3279 in
1510 3216 2090 3281 iureconsultorum
2165 3214 2605 3281 Romanorum

335 3318 510 3385 libris
556 3320 885 3385 collocata.
975 3320 1280 3384 Attamen
1340 3328 1589 3385 constat
1648 3320 1911 3384 noviciis
1970 3320 2223 3405 populis
2287 3317 2606 3403 profuisse

335 3423 642 3507 populum
688 3423 1052 3488 Romanum
1112 3444 1253 3488 cum
1315 3424 1452 3487 aliis
1512 3424 1703 3488 rebus
1766 3431 1901 3487 tum
1946 3423 2148 3487 tribus
2207 3422 2604 3507 potissimum

340 3526 468 3591 his:
516 3528 810 3611 exemplo
856 3548 1070 3591 rerum
1129 3548 1168 3591 a
1227 3528 1468 3612 populo
1514 3526 1803 3591 Romano
1867 3533 2194 3609 gestarum
2241 3532 2304 3589 et
2356 3526 2603 3590 institu-

337 3632 582 3696 tionum
629 3630 720 3693 rei
763 3630 1076 3714 publicae,
1121 3631 1273 3695 iuris
1306 3631 1567 3695 scientia
1613 3653 1651 3694 a
1692 3629 2265 3715 iurisprudentibus
2295 3629 2603 3695 Romanis

337 3741 631 3819 promota
676 3742 868 3819 atque
917 3741 1230 3815 enarrata,
1278 3734 1671 3799 Graecorum
1726 3734 1962 3819 ingenii
2023 3733 2332 3798 fructibus
2376 3733 2607 3797 Latina

338 3858 411 3902 ac
455 3838 737 3901 faciliore
783 3836 865 3900 ad
909 3837 1412 3921 intellegendum
1459 3838 1663 3902 forma
1696 3837 2068 3902 condonatis
2101 3843 2166 3901 et
2210 3836 2602 3922 propagatis.

338 3942 526 4005 Adde
571 3941 738 4026 quod
789 3939 978 4006 dictio
1025 3942 1595 4007 iureconsultorum
1639 3942 2095 4022 Romanorum,
2149 3941 2328 4005 cuius
2376 3938 2603 4003 funda-

338 4052 550 4111 menta
613 4067 651 4108 a
714 4045 931 4129 priscis
997 4046 1473 4129 magistratibus
1537 4048 1701 4111 iacta
1773 4052 1984 4129 erant,
2065 4066 2256 4130 quam
2325 4043 2395 4109 G.
2456 4043 2606 4108 Iulii

341 4149 664 4230 Caesaris,
725 4148 796 4214 O.
857 4149 1080 4214 Licinii
1139 4149 1352 4225 Calvi,
1412 4149 1745 4215 Octaviani
1812 4150 2091 4234 Augusti
2157 4148 2461 4233 aequales
2524 4147 2604 4212 ad

337 4274 596 4317 auream
628 4260 1060 4339 provexerunt
1089 4254 1447 4339 puritatem,
1493 4275 1607 4339 per
1638 4254 1897 4338 longam
1929 4254 2330 4319 saeculorum
2378 4253 2604 4317 seriem

339 4364 530 4441 atque
592 4378 796 4442 usque
855 4357 934 4420 ad
993 4357 1190 4442 ipsius
1249 4357 1652 4443 imperatoris
1714 4356 2049 4422 Iustiniani
2108 4363 2401 4442 tempora
2470 4354 2603 4421 fere

340 4462 742 4547 incorrupta,
802 4460 852 4525 si
899 4482 1039 4525 cum
1088 4462 1573 4546 provincialium
1634 4463 2018 4547 scriptorum
2066 4462 2334 4530 barbare
2381 4458 2603 4529 balbu-

341 4565 632 4635 tientium
677 4565 854 4637 libris
901 4567 1391 4657 comparaveris,
1437 4566 1758 4637 remansit.
