3150 5259
1382 516 1518 605 [55]
1655 591 1669 604 .
2026 532 2033 543 ’
2540 526 2580 589 5

321 714 718 777 stitutionum
779 718 1086 777 contextu
1147 712 1399 777 citando
1463 733 1540 776 ea
1586 712 1895 792 editione,
1956 733 2144 797 quam
2190 714 2468 797 egregia,
2512 719 2586 777 ut

323 818 520 895 solet,
584 839 737 882 cura
795 817 1067 882 absolvit
1126 817 1448 881 Paulus
1512 816 1883 902 Krueger
1946 840 2164 883 eorum
2230 820 2336 902 qui
2395 816 2585 881 hodie

323 921 546 985 vivunt
590 922 1174 987 iureconsultorum
1221 920 1252 985 ὁ
1299 920 1789 1005 φιλολογώτατος
1834 920 2149 1005 (Berolini
2197 921 2411 1003 1867).

1384 1188 1522 1271 §r

528 1354 650 1420 Ph.
697 1352 1040 1417 Eduardus
1087 1352 1398 1417 Huschke
1445 1352 1506 1415 in
1553 1352 1951 1438 praefatione
1999 1350 2290 1417 editionis
2328 1352 2585 1417 Institu-

321 1459 567 1524 tionum
596 1457 928 1522 Iustiniani
960 1457 1213 1541 Lipsiae
1259 1477 1424 1521 anno
1463 1458 1627 1520 1868
1666 1456 2085 1541 publiciiuris
2130 1454 2337 1520 factae
2370 1465 2583 1520 movet

320 1563 761 1647 quaestionem
807 1583 846 1625 a
890 1560 1142 1625 nemine
1187 1582 1392 1645 usque
1435 1560 1518 1623 ad
1561 1560 1717 1623 illud
1764 1567 2014 1643 tempus
2060 1567 2319 1643 motam,
2367 1580 2585 1644 quem-

319 1666 664 1729 admodum
709 1666 770 1729 in
802 1665 1278 1729 Institutionum
1310 1664 1485 1728 libris
1519 1647 1966 1748 componendis
2012 1664 2257 1728 tresviri
2300 1662 2393 1725 illi
2415 1663 2587 1728 inter

319 1792 386 1834 se
435 1770 666 1835 versati
711 1770 855 1853 sint,
904 1769 1132 1854 quibus
1178 1770 1303 1833 hoc
1347 1768 1674 1853 negotium
1721 1768 1942 1832 datum
1987 1790 2129 1833 esse
2188 1766 2584 1851 prooemium

319 1873 406 1939 In
461 1872 731 1939 Nomine
787 1872 1051 1937 Domini
1109 1880 1220 1937 etc.
1267 1874 1474 1938 docet.
1569 1872 1775 1947 Quam
1838 1872 2275 1956 quaestionem
2336 1871 2431 1933 vir
2474 1869 2584 1933 ille

320 1977 624 2041 acerrimo
686 1983 757 2040 ut
813 1980 977 2041 inter
1037 1997 1256 2042 omnes
1319 1984 1571 2041 constat-
1628 1976 1866 2059 ingenii
1912 1974 2199 2038 acumine
2260 1972 2583 2059 praeditus

317 2081 410 2144 ita
455 2080 662 2163 solvit,
710 2088 783 2145 ut
829 2080 1019 2163 dicat,
1067 2081 1119 2144 si
1165 2101 1247 2143 ex
1292 2081 1430 2165 ipsa
1475 2100 1545 2142 re
1596 2079 1879 2142 divinare
1923 2078 2128 2159 liceat,
2174 2077 2237 2139 in
2283 2082 2583 2161 promptu

318 2184 454 2248 fore
497 2184 1003 2269 responsionem:
1053 2182 1414 2249 deliberatis
1461 2188 1607 2247 ante
1645 2182 1967 2246 communi
2012 2180 2270 2245 consilio
2320 2188 2386 2245 et
2434 2200 2584 2244 con-

320 2288 555 2351 stitutis
613 2288 980 2371 perficiendi
1042 2288 1250 2373 operis
1309 2287 1593 2371 legibus,
1651 2308 1795 2351 cum
1849 2286 2273 2350 Tribonianus
2336 2291 2587 2348 tantum

319 2387 416 2454 ‘ad
474 2392 670 2455 totius
705 2391 938 2477 operis
1002 2392 1526 2475 gubernationem
1590 2385 1846 2457 electus’
1893 2395 2079 2469 esset,
2142 2388 2374 2452 alteros
2421 2387 2585 2451 duos

317 2496 521 2578 ipsam
568 2516 703 2561 rem
749 2496 837 2559 ita
884 2514 1218 2580 aggressos
1251 2516 1408 2575 esse,
1455 2502 1527 2560 ut
1572 2501 1847 2578 uterque
1892 2514 1975 2557 ex
2012 2491 2415 2577 praescriptis
2458 2492 2586 2554 iam

320 2619 357 2660 a
405 2598 757 2663 Iustiniano
802 2605 1106 2683 quattuor
1146 2599 1322 2663 libris
1357 2598 1537 2662 binos
1571 2603 1984 2682 componeret
2019 2604 2085 2660 et
2116 2595 2345 2661 deinde
2376 2601 2583 2660 totum

319 2723 476 2787 opus
565 2702 954 2767 Triboniano
1036 2704 1272 2768 arbitro
1360 2704 1754 2789 praelectum
1841 2703 2283 2787 perficeretur-3
2374 2720 2584 2784 neque

320 2807 685 2869 coniectura
727 2812 976 2870 tantum
1021 2807 1132 2871 sed
1179 2808 1368 2871 etiam
1417 2806 1601 2871 certis
1648 2805 2038 2890 argumentis
2088 2826 2170 2869 ex
2214 2804 2366 2888 ipsis
2410 2803 2585 2868 libris

318 2910 536 2993 petitis
593 2932 728 2975 rem
783 2910 876 2974 ita
929 2918 1178 2995 gestam
1238 2932 1377 2975 esse
1435 2912 1689 2995 assequi
1748 2910 1955 2973 licere.
2045 2909 2313 2973 Praeter
2371 2913 2585 2973 cetera

320 3020 696 3098 argumenta
741 3034 904 3099 quae
948 3015 1028 3079 ad
1075 3015 1455 3080 sententiam
1501 3036 1683 3079 suam
1730 3011 2223 3077 confirmandam
2270 3010 2454 3076 affert
2500 3046 2582 3057 —-

322 3115 402 3181 de
449 3117 676 3203 quibus
737 3118 968 3203 partim
1026 3118 1092 3181 in
1136 3118 1262 3182 fine
1321 3118 1510 3181 huius
1556 3117 2109 3182 commentationis
2168 3116 2399 3200 partim
2457 3114 2583 3178 alio

321 3224 648 3305 tempore¹
682 3242 946 3306 agemus
973 3261 1054 3269 —
1088 3222 1392 3288 orationis
1424 3222 1816 3287 Iustinianae
1846 3221 2311 3306 proprietatum
2340 3220 2584 3283 ratione

321 3324 538 3388 habita
597 3346 784 3389 voees
845 3327 1090 3411 aliquot
1148 3332 1210 3391 et
1265 3326 1623 3391 locutiones
1685 3326 1892 3410 eligit,
1957 3346 2119 3411 quae
2173 3325 2475 3410 leguntur
2519 3322 2581 3385 in

319 3428 636 3512 prioribus
684 3430 879 3513 libris,
925 3451 964 3494 a
1008 3430 1466 3515 posterioribus
1511 3437 1725 3495 autem
1772 3430 2017 3494 alienae
2064 3434 2230 3493 sunt.

529 3694 548 3728 1
585 3692 846 3745 Huschke
885 3708 1006 3743 cum
1045 3692 1292 3745 diversos
1343 3698 1595 3746 auctores
1646 3691 1969 3744 statuendos
2022 3704 2142 3744 esse
2179 3687 2460 3756 professus
2497 3688 2587 3753 sit,

321 3779 500 3831 statim
541 3779 793 3847 adiungit
828 3780 1042 3844 priores
1081 3778 1216 3831 duos
1251 3780 1424 3832 libros
1475 3778 1541 3843 (Ῑ.
1577 3776 1655 3844 11)
1708 3796 1741 3829 a
1776 3778 2054 3830 Dorotheo
2107 3776 2397 3842 Berytensi
2434 3777 2584 3829 ante·

320 3881 550 3930 cessere,
586 3864 916 3930 posteriores
952 3863 1076 3929 (ΠΙ.
1101 3863 1204 3927 IV)
1242 3882 1276 3917 a
1311 3864 1619 3930 Theophilo
1648 3862 2253 3928 Constantinopolitano
2290 3866 2585 3927 conceptos

323 3967 476 4017 esse,
526 3968 686 4019 quam
739 3949 810 4003 ad
862 3952 1174 4018 opinionem
1231 3949 1655 4003 confirmandam
1712 3966 1831 4001 cum
1888 3950 2001 4001 alia
2056 3958 2169 4000 tum
2223 3948 2587 4015 paraphrasin

323 4039 589 4092 Graecam
629 4052 748 4088 cum
785 4038 940 4089 libris
967 4036 1285 4089 Iustinianis
1321 4038 1692 4102 comparatam
1730 4034 1913 4101 magni
1952 4034 2212 4087 momenti
2251 4048 2371 4085 esse
2408 4032 2585 4107 docet.

321 4126 606 4191 Temporis
643 4124 914 4191 angustiis
952 4140 1036 4175 me
1075 4124 1326 4191 impediri
1363 4122 1546 4185 doleo,
1583 4124 1870 4189 quominus
1912 4122 1977 4173 de
2016 4122 2117 4173 hac
2142 4136 2203 4173 re
2228 4137 2375 4173 nunc
2400 4120 2586 4173 statim

322 4229 498 4278 agam.
573 4212 745 4275 Quam
784 4212 1159 4279 quaestionem
1197 4209 1540 4263 tractandam
1577 4212 1633 4261 et
1674 4210 1718 4262 si
1756 4208 1875 4261 fieri
1913 4210 2118 4274 poterit
2154 4206 2473 4260 solvendam
2512 4206 2585 4257 ad

323 4298 473 4351 aliud
514 4308 726 4364 tempus
765 4296 987 4365 differ-03
1025 4314 1168 4349 nunc
1207 4298 1262 4348 id
1299 4314 1462 4348 unum
1488 4296 1620 4347 mihi
1646 4296 1981 4363 propositum
2022 4301 2123 4362 est,
2159 4300 2220 4347 ut
2256 4294 2585 4362 perquiram,

320 4403 449 4438 num
488 4385 688 4437 diversi
728 4386 1010 4453 utriusque
1038 4385 1208 4451 partis
1234 4383 1641 4436 Institutionum
1672 4384 1838 4435 latine
1865 4383 2296 4449 conscriptarum
2334 4384 2586 4433 auctores

323 4472 544 4525 fuerint.
621 4474 963 4541 Ubicumque
999 4479 1181 4525 autem
1217 4488 1284 4528 ex
1321 4487 1419 4523 usu
1458 4486 1575 4523 esse
1614 4471 1741 4522 mihi
1792 4471 2109 4536 videbatur,
2160 4485 2393 4537 graecae
2439 4467 2587 4519 illius

315 4558 690 4631 paraphrasis,
730 4577 872 4635 quae
897 4560 1206 4636 Theophilo
1246 4559 1582 4620 antecessori
1611 4560 1774 4636 vulgo
1808 4558 2085 4632 tribuitur,
2111 4556 2281 4618 verba
2307 4553 2585 4630 adscripsi,
