3150 5259
642 522 723 584 42
1676 523 1811 609 [92]

639 715 890 797 qenium
933 716 1059 779 nisi
1101 716 1253 801 quid
1297 717 1440 799 ipsa
1477 736 1576 779 res
1606 716 1913 780 mandata
1939 717 2291 799 postularet
2320 724 2642 801 spectasse,
2672 725 2901 783 contra

632 820 1084 901 provincialem
1131 819 1193 897 (i.
1241 840 1294 884 e.
1341 820 1774 899 Dorotheum)
1837 822 2059 904 qratia
2121 818 2493 883 Triboniani
2550 823 2621 884 in
2680 822 2901 887 urbem

637 923 881 1004 reyiam
926 923 1013 985 ad
1055 922 1167 987 hoc
1211 944 1366 1006 opus
1414 926 1699 1004 accitum,
1745 925 1897 1009 quid
1953 924 2073 988 sibi
2114 924 2259 989 inde
2302 924 2472 1008 effici
2503 927 2729 1008 possit,
2772 926 2897 989 sol-

637 1026 876 1089 licitum
912 1027 1132 1109 fuisse.
1225 1026 1472 1091 Deinde
1509 1026 1823 1091 Huschke
1868 1025 2044 1113 (pag.
2081 1028 2182 1093 XI
2228 1027 2458 1112 praef.)
2506 1030 2766 1113 propius
2814 1029 2897 1091 ad

643 1150 718 1192 ea
777 1138 1152 1213 argumenta
1211 1131 1486 1213 accedit,
1550 1131 1778 1216 quibus
1825 1131 2245 1217 Theophilum
2294 1133 2573 1217 priorum
2621 1132 2898 1196 duorum

637 1233 938 1298 librorum
985 1242 1304 1299 auctorem
1337 1257 1458 1299 non
1491 1234 1684 1299 fuisse
1715 1237 1961 1320 probet.
2032 1238 2247 1320 Atque
2282 1237 2568 1320 quamvis
2611 1257 2740 1300 non
2786 1236 2899 1300 de-

638 1337 836 1401 futuri
881 1339 1006 1401 sint
1050 1340 1278 1423 quibus
1311 1340 1623 1405 Huschke
1672 1340 1929 1403 nimiam
1971 1340 2159 1403 fidem
2200 1340 2519 1404 codicibus
2552 1340 2901 1424 paraphra-

638 1441 720 1503 sis
752 1463 1020 1525 graecae
1051 1444 1350 1509 tribuisse
1382 1443 1697 1527 videatur,
1744 1446 1851 1527 qui
1891 1444 2140 1509 codices
2174 1446 2293 1528 ipsi
2325 1443 2682 1528 Theophilo
2718 1464 2901 1528 para·

640 1545 895 1626 phrasin
941 1546 1339 1626 adscribunt,
1402 1555 1643 1627 tamen,
1695 1568 1837 1611 cum
1874 1548 2163 1612 docuerit
2204 1548 2512 1612 Huschke
2561 1547 2901 1631 exemplis-

641 1669 761 1732 que
808 1649 1214 1715 illustraverit
1259 1654 1617 1737 complures
1664 1654 2061 1739 paraphrasis
2102 1662 2371 1738 graecae
2417 1653 2587 1716 locos
2633 1650 2899 1714 demon-

639 1757 855 1832 strare,
919 1760 1242 1819 auctorem
1299 1758 1706 1841 paraphrasis
1766 1758 1829 1821 in
1874 1756 2187 1843 prioribus
2234 1757 2405 1821 libris
2452 1756 2763 1841 quaedam
2808 1755 2900 1819 ibi

638 1856 804 1920 dicta
864 1878 990 1921 non
1037 1860 1344 1942 probasse
1392 1870 1456 1925 et
1506 1862 1877 1942 correxisse,
1922 1862 1983 1925 in
2033 1862 2169 1925 aliis
2214 1861 2302 1926 ibi
2346 1861 2629 1925 tractatis
2690 1860 2898 1923 minus

639 1966 957 2024 versatum
1019 1960 1247 2045 fuisse,
1313 1964 1473 2028 adeo
1538 1972 1610 2028 ut
1671 1966 1977 2030 nonnulla
2052 1973 2275 2030 contra
2348 1965 2558 2029 Latini
2621 1964 2902 2027 auctoris

641 2070 915 2128 mentem
962 2073 1221 2148 caperet
1266 2074 1329 2131 et
1374 2074 1668 2145 verteret,
1718 2090 1987 2154 quorum
2034 2070 2307 2134 omnium
2367 2070 2432 2132 in
2476 2070 2900 2155 posteriorum

637 2167 941 2232 librorum
1000 2170 1368 2254 paraphrasi
1428 2192 1657 2256 graeca
1718 2173 1870 2236 nihil
1924 2194 2289 2238 occurrere:
2368 2174 2496 2237 veri
2555 2171 2899 2237 admodum

641 2271 842 2335 simile
881 2279 976 2337 est
1006 2273 1397 2339 Dorotheum
1435 2275 1689 2360 quidem
1732 2276 1925 2341 libros
1956 2278 1989 2341 Ι
2020 2285 2084 2341 et
2111 2278 2199 2358 II,
2232 2277 2652 2362 Theophilum
2684 2282 2903 2341 autem

638 2374 831 2439 libros
879 2375 982 2439 III
1029 2384 1091 2441 et
1134 2376 1232 2441 IV
1279 2380 1732 2463 composuisse.

1674 2657 1708 2739 ξ
1762 2660 1857 2721 14.

844 2831 958 2894 De
1005 2830 1647 2895 Institutionum
1692 2829 2119 2895 Iustinani
2166 2831 2399 2894 tituli
2443 2832 2710 2894 ultimi

1283 2931 1412 3017 (IV
1463 2932 1573 3017 18)
1622 2935 2235 3039 compositione.

847 3088 1035 3163 Quod
1093 3087 1484 3153 Huschke
1542 3089 1897 3172 suspicatus
1954 3095 2053 3153 est
2112 3088 2255 3151 libri
2297 3087 2396 3152 IV
2456 3088 2709 3152 titulum
2759 3089 2908 3152 ulti-

641 3216 814 3258 mum
860 3191 993 3277 (IV
1043 3192 1154 3276 18)
1217 3208 1376 3257 non·
1409 3214 1446 3256 a
1514 3193 1871 3277 Theophilo
1935 3195 2047 3259 sed
2106 3214 2145 3257 a
2190 3193 2523 3258 Dorotheo
2582 3193 2907 3257 adiectum

645 3320 784 3363 esse
829 3306 1155 3383 tamquam
1219 3299 1732 3383 supplementum
1796 3299 1876 3362 ad
1923 3298 2403 3363 Institutionum
2468 3319 2698 3382 corpus
2762 3297 2906 3361 libri

637 3402 735 3466 IV
783 3401 963 3467 titulo
1009 3400 1211 3466 XVII
1257 3404 1665 3467 terminatum
1692 3405 1730 3483 ¹,
1796 3402 1861 3466 id
1906 3402 2148 3467 idoneis
2216 3402 2605 3486 argumentis
2651 3424 2733 3467 ex
2780 3423 2901 3465 usu

848 3613 864 3646 ¹
901 3611 1000 3663 cfr.
1043 3610 1313 3663 Huschkii
1362 3612 1534 3677 praef.
1591 3627 1717 3679 pag.
1758 3610 1891 3663 VH:
1951 3614 2083 3674 „hoc
2138 3611 2324 3662 statim
2382 3609 2725 3677 adiungimus
2781 3649 2794 3662 .
2834 3650 2847 3662 .
2889 3649 2901 3662 .

642 3700 778 3750 duos
816 3699 986 3752 libros
1023 3737 1034 3749 .
1061 3736 1074 3749 .
1103 3737 1114 3749 .
1155 3700 1488 3763 posteriores
1527 3715 1558 3749 a
1596 3698 1901 3765 Theophilo
1943 3696 2561 3762 Constantinopolitano
2602 3701 2905 3763 conceptos

643 3802 776 3851 esse,
832 3788 1066 3850 excepto
1123 3783 1353 3837 fortasse
1411 3784 1537 3835 libri
1596 3784 1779 3851 quarti
1837 3784 1999 3835 titulo
2054 3784 2240 3835 ultimo
2296 3784 2359 3834 de
2389 3782 2625 3848 publicis
2662 3784 2902 3843 iudiciis,

643 3888 802 3939 quem
841 3872 1043 3923 collato
1082 3870 1457 3922 antecedentis
1495 3868 1595 3935 (IV
1628 3870 1711 3933 17)
1744 3886 1823 3936 pr.
1901 3870 2272 3937 Superest,
2309 3875 2367 3919 ut
2390 3869 2455 3919 de
2480 3868 2668 3933 officio
2706 3868 2904 3922 iudicis

641 3959 1019 4025 dispiciamus,
1069 3961 1262 4023 postea
1317 3957 1545 4020 demum,
1604 3958 1881 4023 exemplo,
1936 3960 2104 4021 put0,
2158 3955 2427 4007 Marciani
2482 3954 2902 4020 institutionum,

641 4060 815 4113 eoque
855 4044 1104 4108 consilio,
1143 4048 1201 4095 ut
1234 4043 1615 4096 Institutiones
1653 4044 1834 4095 verius
1872 4046 2036 4097 totius
2072 4043 2340 4107 leyitimae
2366 4043 2619 4093 scientiae
2644 4041 2904 4093 elementa

595 4132 1098 4197 'Digestorumque
1153 4130 1389 4182 medulla
1443 4131 1551 4182 dici
1607 4134 1849 4195 possent,
1906 4130 2175 4181 adiectum
2234 4143 2380 4191 esse,
2436 4132 2586 4180 tanto
2642 4129 2901 4180 maiorem

642 4218 808 4269 habet
849 4218 962 4267 veri
998 4218 1250 4284 speciem,
1289 4217 1437 4284 quod
1475 4219 1522 4269 is
1561 4219 1617 4269 et
1654 4235 1687 4269 a
1726 4218 1916 4283 priscis
1942 4216 2377 4267 institutionibus
2415 4218 2469 4265 et
2506 4215 2576 4266 ab
2610 4215 2723 4275 illa,
2763 4230 2903 4281 quae

641 4304 798 4355 initio
837 4306 1135 4371 placuerat,
1174 4306 1340 4356 totius
1377 4304 1556 4370 operis
1596 4304 1980 4355 distributione
2016 4304 2044 4355 Ι
2070 4302 2204 4368 1,12
2232 4302 2396 4354 Omne
2423 4305 2530 4367 ius,
2553 4318 2653 4368 quo
2678 4304 2903 4369 utimur,

643 4391 724 4442 vel
759 4392 830 4442 ad
864 4405 1130 4457 personas
1164 4393 1414 4457 pertinet,
1450 4392 1530 4441 vel
1566 4390 1637 4440 ad
1660 4406 1749 4441 res
1772 4390 1853 4441 vel
1878 4390 1949 4441 ad
1985 4393 2321 4455 actiones,
2360 4390 2563 4441 collato
2604 4387 2684 4439 IV
2716 4387 2790 4447 18,
2816 4406 2902 4454 pr.

641 4476 856 4543 publica
891 4477 1096 4530 iudicia
1133 4492 1346 4543 neque
1386 4492 1514 4543 per
1551 4479 1872 4529 actiones
1922 4477 2253 4529 ordinantur
2302 4512 2315 4527 .
2342 4513 2355 4526 .
2382 4513 2393 4527 .
2432 4490 2652 4540 prorsus
2692 4474 2905 4527 alienus

555 4580 562 4586 ·
645 4567 776 4617 erat.
848 4563 1054 4618 Rursus
1109 4568 1286 4621 autem
1343 4564 1398 4619 in
1449 4562 1555 4619 fine
1610 4562 1827 4621 additus
1883 4564 1971 4615 hic
2025 4562 2217 4619 titulus
2266 4597 2321 4618 ..
2351 4595 2363 4613 .
2401 4561 2455 4615 in
2512 4576 2679 4618 causa
2733 4559 2903 4616 fuisse
